3628 5272
828 363 862 374 ..
880 335 915 392 37
932 363 966 374 ..

303 471 472 540 pugnare.
493 448 695 540 Spengelius
711 447 812 540 igitur
826 452 1012 542 posteriore
1027 469 1089 522 sua
1104 454 1332 545 disputatione
1346 479 1375 525 a.
1398 460 1480 528 1860

306 573 433 661 scripta
452 572 555 640 verba
570 571 616 640 ait
641 571 697 640 illa
716 577 768 641 καὶ
789 575 921 643 πάντων
937 575 997 644 οἶδ’
1015 576 1064 642 ὅτι
1082 579 1263 660 φησάντων
1287 581 1316 660 γ’
1333 580 1372 648 ἂν
1385 581 1413 646 εἰ
1428 581 1480 647 καὶ

308 697 349 777 μή
367 700 500 762 ποιοῦσι
517 701 614 763 τοῦτο
634 695 707 764 sine
722 694 828 765 dubio
843 693 934 763 idem
953 695 1063 764 valere
1083 698 1176 787 quod
1194 701 1314 780 πάντες
1336 702 1479 782 φήσαιεν

302 815 348 888 ἂν
368 814 390 884 i.
412 838 442 885 ε.
465 843 480 880 «
500 839 568 884 non
603 818 799 888 dixissent»
823 818 883 886 sed
907 845 921 879 ι
942 817 1092 886 dicerent
1113 847 1128 882 ιι
1157 817 1199 907 (si
1227 819 1477 907 interrogaren-

306 941 374 1023 tur)
389 961 397 1004 z
420 937 512 1026 quod
532 937 617 1006 nihil
631 938 723 1006 aliud
737 937 925 1029 significare
945 960 1049 1029 quam
1066 938 1093 1006 si
1108 937 1236 1006 dictum
1256 954 1342 1006 esset
1358 958 1479 1004 omnes

305 1061 495 1147 concinere,
518 1060 680 1150 iudicare,
702 1062 826 1131 sentire
842 1061 900 1150 ita,
922 1063 1015 1152 quod
1031 1062 1162 1130 etiamsi
1183 1084 1252 1130 non
1273 1060 1376 1129 libere
1394 1083 1477 1152 pro-

306 1185 494 1273 fiterentur,
528 1185 678 1254 facturos
711 1203 824 1254 tamen
842 1208 899 1254 eos
922 1208 1007 1273 esse,
1030 1185 1058 1253 si
1079 1186 1377 1276 interrogarentur,
1407 1207 1479 1252 esse

304 1307 408 1398 igitur
427 1330 601 1377 summam
622 1307 780 1377 omnium
813 1309 1086 1378 consensionem.
1114 1306 1334 1377 Cuicuimodi
1357 1307 1391 1375 id
1417 1325 1477 1394 est,

304 1445 394 1499 recte
413 1431 568 1500 concedit
590 1430 803 1522 Spengelius,
829 1431 863 1500 id
888 1432 981 1521 quod
1000 1432 1093 1522 apud
1116 1429 1329 1502 Schultzium
1352 1430 1480 1500 frustra
1569 1483 1574 1502 ι

304 1554 517 1642 quaerimus,
538 1552 801 1645 discrepantiam
817 1554 909 1624 illam
921 1555 992 1624 tolli
1011 1576 1125 1645 posse,
1143 1554 1169 1622 si
1186 1553 1317 1623 dicatur
1336 1554 1480 1622 oratoris

302 1677 410 1745 verba
429 1700 498 1747 non
517 1694 587 1746 tarn
613 1679 710 1746 anxie
735 1701 808 1746 esse
826 1677 1049 1747 aestimanda.
1077 1677 1213 1746 Etenim
1233 1677 1298 1745 hoc
1317 1675 1345 1744 si
1370 1677 1475 1765 lieret,

307 1782 515 1888 §lprofecto
526 1823 579 1870 res
589 1801 674 1869 falsa
693 1802 966 1882 contenderetur,
987 1822 1067 1868 curn
1082 1799 1238 1870 factionis
1254 1801 1476 1892 Philippicae,

306 1945 396 2012 quae
415 1939 487 1992 erat
506 1904 665 2010 Athenis,
682 1925 777 1992 nullo
794 1923 936 1992 omnino
953 1922 1067 1992 habita
1087 1941 1174 1992 esset
1187 1925 1284 2005 ratio.
1300 1923 1368 1995 Sed
1384 1924 1478 2015 quod

304 2047 428 2114 attinet
445 2047 490 2114 ad
509 2047 573 2114 loci
593 2049 608 2134 §
628 2047 648 2114 6
674 2046 739 2115 et7
765 2039 1034 2128 collocationem,
1055 2045 1251 2117 Schultzius
1278 2046 1474 2138 interrogat,

305 2190 392 2237 num
410 2190 446 2236 re
465 2183 546 2237 vera
570 2186 685 2239 orator
704 2191 778 2237 eam
809 2191 912 2259 quam
932 2167 1122 2260 propositio
1142 2168 1176 2237 in
1206 2169 1273 2237 fine
1291 2173 1307 2261 §
1326 2170 1348 2239 7
1371 2171 1475 2237 collo·

301 2308 379 2360 cata
412 2291 562 2382 requirat
591 2291 745 2361 instituat
776 2291 1031 2383 quaestionem:
1076 2318 1091 2353 a
1115 2291 1201 2360 sitne
1223 2314 1326 2383 penes
1366 2293 1476 2362 Athe·

305 2415 440 2482 nienses
459 2415 658 2498 deliberare,
685 2439 729 2484 an
748 2438 814 2507 pax
833 2416 964 2506 agenda
981 2415 1022 2483 sit
1042 2443 1074 2482 ι.
1106 2414 1268 2483 Affirmat
1298 2414 1477 2483 Rehdant·

304 2540 392 2626 zius,
416 2559 495 2606 narn
518 2536 551 2628 ἕξ
585 2538 649 2606 illis
668 2539 688 2605 6
707 2556 739 2607 et
767 2541 884 2607 7cum
918 2537 1055 2628 reliquis
1079 2539 1266 2608 arctissime
1289 2529 1478 2607 coniunctis

203 2647 207 2650 ’
300 2660 521 2751 comprobari
537 2661 819 2752 propositionem,
834 2663 916 2752 quin
931 2661 1168 2730 eisdemetiam
1178 2661 1287 2753 ipsam
1296 2660 1479 2753 primariae

304 2784 410 2876 partis
429 2784 591 2854 orationis
610 2785 877 2876 propositionem
898 2783 1082 2854 contineri:
1105 2788 1282 2867 διορίζομαι
1294 2787 1322 2852 εἰ
1339 2785 1479 2867 ἐφ’ήμῑν

304 2909 374 2975 ἐστι
395 2909 433 2975 τὸ
449 2910 660 2990 βουλεύεσθαι
685 2911 758 2990 περὶ
775 2914 832 2976 τοῦ
854 2911 993 2990 πότερον
1017 2910 1149 2990 εἰρήνην
1171 2906 1261 2984 ἄγειν
1282 2907 1302 2985 h
1325 2909 1478 2986 πολεμεῖν

301 3035 362 3108 δεῖ,
393 3048 542 3117 quorum
567 3028 712 3095 alterum
743 3027 827 3096 illud
841 3045 1012 3096 oratorem
1041 3027 1110 3095 iarn
1138 3047 1211 3092 esse
1230 3021 1476 3114 expositurum,

249 3245 251 3250 Ι
303 3149 390 3218 sitne
409 3172 513 3240 penes
547 3149 775 3219 Athenienses
808 3173 927 3242 pacem
960 3152 1075 3240 agere,
1110 3149 1159 3216 At
1177 3161 1268 3214 certe
1287 3147 1352 3214 hoc
1373 3145 1479 3215 modo

303 3294 376 3341 rem
397 3289 541 3341 tractare
572 3272 720 3352 voluisse
754 3274 1020 3342 Demosthenem
1052 3287 1150 3361 negat
1169 3268 1375 3354 Schultzius,
1397 3290 1478 3336 cum
1528 3326 1531 3329 ,

302 3395 458 3486 proxime
478 3395 565 3464 hanc
584 3397 818 3486 quaestionem
838 3395 1080 3464 instituendam
1100 3415 1173 3462 esse
1193 3412 1335 3483 prorsus
1355 3412 1478 3482 negare

304 3518 471 3587 videatur:
493 3520 524 3607 (ξ
543 3521 576 3606 8)
596 3523 625 3588 τί
647 3524 762 3588 λοιπὸν
785 3521 865 3587 ἄλλο
887 3520 971 3598 πλὴν
995 3519 1193 3601 audiemur,
1216 3516 1245 3604 (§
1264 3515 1298 3602 9)
1322 3517 1350 3582 εἰ
1372 3515 1408 3580 δέ
1430 3536 1478 3595 τις

302 3643 423 3722 ταύτην
439 3643 570 3723 εἰρήνην
591 3641 810 3723 ὑπολαμβάνει
812 3693 878 3710 .....
908 3643 1063 3723 μαίνεται.
1087 3636 1363 3728 Propositionem
1394 3656 1477 3703 vero

302 3760 397 3827 illam
418 3758 535 3828 animo
554 3759 794 3828 tantummodo
806 3782 886 3828 eutn
906 3761 1094 3842 linxisseet
1112 3759 1227 3828 leviter
1241 3757 1390 3850 attigisse
1405 3774 1475 3824 sta-

301 3881 433 3971 timque
452 3904 493 3949 eo
511 3882 727 3973 processisse,
751 3899 789 3951 ut
807 3883 1008 3974 Philippum
1025 3883 1153 3950 bellum
1169 3904 1283 3974 gerere
1302 3882 1474 3973 probarett

303 4025 409 4094 quam
434 4005 459 4072 si
484 4005 709 4096 praemissam
735 4005 909 4093 voluisset,
947 4006 1002 4074 vix
1041 4027 1119 4073 eum
1158 4004 1205 4074 ita
1242 4006 1476 4096 neglecturum

302 4125 421 4194 fuisse.
442 4128 573 4195 Verum
598 4145 712 4196 tamen
733 4129 816 4196 haec
839 4129 867 4196 si
894 4127 963 4197 iam
987 4129 1092 4198 missa
1111 4126 1290 4211 faciamus,
1311 4124 1480 4217 —pergit

300 4247 729 4340 Schultzius—quoniam
744 4267 914 4319 oratorem
928 4274 998 4324 non
1019 4225 1091 4319 t'am
1116 4250 1213 4320 anxie
1235 4247 1479 4342 propositionis

302 4393 388 4440 suae
405 4371 544 4464 vestigia
567 4390 721 4440 secutum
741 4396 814 4442 esse
834 4373 1017 4443 existimari
1042 4374 1150 4462 liceat,
1172 4373 1290 4465 quaeri
1314 4373 1374 4443 ubi
1393 4372 1478 4441 illud
