3628 5272
25 317 28 380 l

769 343 805 358 ..
820 315 854 370 47
871 345 905 356 -

255 434 426 504 nassensis
446 456 486 502 eo
510 433 596 520 loco,
619 455 689 522 quo
707 431 787 500 citat
811 435 826 523 ξ
849 433 864 499 l
891 431 1053 502 orationis
1078 432 1287 525 Philippicae
1309 436 1426 504 tertiae

255 555 491 648 (pansa).
1089 563 1097 602 ’

298 651 478 772 Postremo
490 679 720 768 quaeverba§
741 685 799 752 57
817 699 922 747 manu
935 677 1018 746 Xll.
1041 678 1165 746 saeculi
1186 679 1316 748 adiecta
1331 696 1423 765 sunt,

252 827 292 872 ea
316 801 501 870 sententiae
531 800 656 870 miram
685 803 859 891 quandam
884 801 1039 868 tribuunt
1062 800 1282 890 gravitatem:
1311 807 1342 872 ol
1365 810 1425 887 μὲν
1445 825 1447 829 ⁴

235 925 306 1012 7ἐφ’
324 929 407 1006 ὑμᾶς
430 926 512 1005 ἦγον
541 926 582 992 τὰ
608 925 787 1005 πράγματα,
806 925 837 990 οἱ
863 925 891 990 δ’
907 926 958 992 ἐπὶ
988 926 1161 991 Φίλιππον.
1181 923 1365 1005 ,ἀκούοντες
1388 929 1425 992 δὲ

152 1119 155 1124 ,
252 1052 379 1117 τούτων
402 1051 442 1116 τὰ
462 1046 568 1114 πολλὰ
590 1047 713 1125 μᾶλλον
735 1047 785 1125 [δὲ
807 1045 847 1111 τὰ
868 1045 988 1130 πάντα]
1004 1045 1036 1111 οἱ
1050 1033 1322 1123 ταλαίπωρονκαὶ
1347 1051 1425 1112 δυσ-

252 1174 358 1252 τυχεῖς
391 1169 560 1248 Ἐρετριεῖς
591 1168 807 1242 τελευτῶντες
847 1165 1046 1244 ἐπείσθησαν
1090 1167 1168 1244 τοὺς
1208 1167 1290 1245 ὑπὲρ
1314 1153 1424 1232 υύτῶν

253 1292 408 1370 λέγοντας
432 1288 592 1369 ἐκβαλεῖν.
608 1279 730 1350 Verba‘
742 1281 798 1349 illa
821 1280 998 1352 Bekkerus
1016 1297 1048 1348 et
1068 1281 1347 1351 Funlthaenelius
1362 1285 1421 1353 dc-

253 1409 417 1476 leverunt.
445 1408 479 1475 Is
498 1407 590 1476 enim
612 1405 822 1474 Eretrienses
841 1405 887 1472 ait
913 1427 975 1472 sua
1000 1421 1120 1495 sponte
1151 1407 1193 1474 ad
1224 1406 1423 1500 Philippum

253 1531 450 1599 inclinantes
468 1551 530 1620 per
548 1547 701 1597 oratores
721 1529 970 1609 Φιλιππίζοντας
990 1527 1098 1617 magis
1130 1528 1231 1596 etiam
1258 1529 1424 1598 adductos

250 1677 336 1740 esse,
359 1668 396 1721 ut
414 1654 483 1743 regi
502 1675 538 1720 se
551 1652 740 1752 traderent.
764 1652 814 1717 At
833 1649 878 1718 ita
906 1674 994 1740 quae
1014 1652 1148 1721 exhibet
1167 1653 1245 1721 cod.
1266 1657 1293 1720 Σ
1319 1653 1423 1722 verba

251 1775 407 1868 explicari
427 1798 496 1844 non
515 1790 671 1865 possunt.
694 1775 786 1842 Nam
817 1778 939 1854 μᾶλλον
968 1795 1037 1842 non
1063 1774 1108 1842 ad
1135 1778 1334 1856 ἐπείσθησαν
1363 1777 1423 1844 sed

251 1899 294 1992 ad
319 1901 496 1981 ἀκούοντες
516 1896 733 1964 referendum
754 1911 815 1984 est,
838 1910 875 1963 ut
895 1894 937 1962 sit
965 1895 1276 1987 interpretandum:
1305 1897 1421 1966 Infeli-

250 2023 347 2090 cibus
368 2019 621 2090 Eretriensibus
636 2041 715 2087 cum
734 2018 769 2086 in
789 2016 960 2108 plerisque
974 2018 1076 2086 rebus
1091 2018 1144 2086 his
1165 2059 1203 2068 -
1225 2018 1248 2086 i.
1270 2041 1300 2088 e.
1317 2021 1348 2086 οἳ
1371 2023 1423 2088 ἐπὶ

250 2147 411 2213 Φίλιππον
428 2143 525 2223 hrot
560 2145 600 2210 τὰ
629 2143 800 2224 πράγματα
824 2183 863 2194 -
893 2141 1002 2233 magis
1025 2142 1254 2210 auscultarent
1272 2181 1314 2194 —
1336 2142 1359 2211 i.
1388 2165 1419 2210 e.

250 2287 332 2333 non:
355 2266 461 2355 magis
477 2264 653 2356 magisque
673 2263 867 2352 (Schultz.),
883 2258 969 2332 sed:
991 2265 1099 2356 magis
1118 2287 1223 2354 quam
1243 2264 1308 2332 illis
1327 2267 1365 2354 (i.
1388 2289 1417 2335 e.
1506 2317 1508 2321 ψ

249 2391 283 2455 οἳ
302 2388 376 2470 -ἐφ’
411 2391 495 2471 ὑμᾶς
525 2389 606 2469 ἦγον
629 2390 669 2454 τὰ
696 2388 901 2474 πράγματα),
932 2427 975 2438 --
1010 2403 1188 2473 postremo
1216 2411 1421 2479 persuasum

253 2524 314 2594 est,
342 2526 391 2576 ut.
420 2561 428 2578 .
458 2562 465 2576 .
493 2562 500 2576 .
527 2507 592 2580 Sed
627 2508 709 2598 quid
741 2508 806 2577 sibi
835 2511 907 2578 vult
933 2509 1017 2578 illud
1043 2513 1185 2594 pallor?
1208 2511 1418 2600 Voemelius,

249 2633 309 2722 qui
323 2632 427 2702 verba
449 2636 486 2700 δὲ
501 2635 540 2700 τὰ
555 2636 659 2703 πάντα
681 2634 852 2724 ceteroqui
872 2649 968 2725 putat
987 2633 1144 2734 genuina,
1167 2635 1238 2702 vult
1257 2636 1418 2724 deletum,

248 2777 416 2824 cumvere
431 2755 497 2824 dici
516 2777 585 2824 non
602 2755 709 2845 possit
720 2757 891 2846 populum
912 2754 1141 2824 Eretriensem
1159 2757 1203 2824 ad
1220 2756 1420 2848 Philippum

248 2879 437 2974 inclinassq.
457 2878 524 2950 Sed
544 2880 626 2948 haec
645 2878 796 2970 profecto
817 2901 885 2947 non
905 2879 1071 2949 sufficient
1084 2881 1128 2948 ad
1151 2880 1342 2949 eiciendum
1361 2905 1421 2951 vo-

247 3001 410 3096 cabulum
443 3009 579 3086 μᾶλλον.
622 3001 822 3093 Spengelius
850 3021 965 3072 autem
998 3004 1032 3073 id
1064 3026 1142 3072 cum
1178 3003 1421 3095 significatione

250 3123 346 3211 quasi
367 3123 516 3212 quadam
535 3123 687 3212 positum
707 3145 780 3191 esse
803 3124 904 3192 ducit.
926 3125 1083 3193 Duarum
1105 3126 1197 3194 enim
1226 3125 1273 3194 ait
1298 3126 1418 3195 factio·

249 3269 335 3316 num
354 3247 458 3315 fuisse
476 3247 593 3334 duces,
609 3269 765 3336 quorum
791 3248 854 3317 hos
877 3248 994 3318 secisse
1022 3272 1101 3318 cum
1135 3250 1416 3340 Atheniensibus,

247 3370 324 3438 illos
351 3393 431 3438 cum
455 3368 633 3461 Philippo3
657 3371 825 3462 populum
851 3393 932 3440 vero
961 3373 1192 3441 Eretriensem
1216 3373 1419 3463 plerumque

248 3495 355 3585 magis
379 3493 608 3583 libentiusque
631 3494 694 3562 hos
719 3516 824 3583 quam
842 3494 918 3563 illos
933 3496 1187 3564 auscultavisse.
1214 3499 1332 3586 Atque
1354 3498 1419 3566 hoc

249 3615 415 3686 nimirum
438 3633 537 3685 recte.
574 3617 719 3686 Minime
746 3640 826 3686 vero
852 3619 997 3687 alterum
1026 3620 1123 3702 illud,
1157 3619 1302 3710 Vulgata
1328 3621 1418 3689 exhi-

247 3739 328 3818 bere
348 3756 417 3808 non
436 3755 507 3810 tam
526 3741 790 3810 emendatricem
810 3743 954 3811 oratoris
975 3765 1118 3812 manum
1144 3765 1249 3832 quam
1273 3744 1417 3814 rhetoris

248 3862 390 3932 alicuius
421 3863 632 3953 ingeniosam
663 3863 890 3934 coniecturam
917 3865 968 3952 (δὲ
989 3868 1029 3934 τὰ
1046 3871 1177 3954 πάντα).
1209 3866 1277 3938 Sed
1302 3867 1416 3935 mitta-

248 4008 326 4054 mus
344 3986 441 4073 haec,
459 4003 538 4057 cum
551 3988 671 4056 eodem
682 3987 756 4056 iure
769 3988 929 4057 contendi
946 3990 1052 4078 possit
1066 3990 1196 4058 scribae
1210 3989 1417 4081 neglegentia

244 4127 320 4178 esse
339 4108 479 4194 lactum,
501 4108 591 4177 utin
613 4111 798 4201 archetypo
816 4110 941 4180 codicis
962 4110 1144 4180 {sortasse
1164 4129 1303 4202 propter
1327 4111 1415 4182 litte-

236 4241 364 4307 rarum
389 4231 647 4301 similitudinem
672 4236 904 4312 [δὲΙΤΑΠΑΝΤ
923 4252 954 4303 et
973 4239 1219 4317 ΤΑΛΑΙΠωροι]
1232 4236 1345 4304 «verba
1359 4234 1416 4303 illa'

162 4420 169 4430 ,
215 4356 284 4458 Ιδὲ’
304 4355 344 4420 τὰ
371 4357 476 4422 πάντα
505 4355 753 4426 interciderent.
785 4360 900 4447 Atque
930 4357 983 4427 his
1013 4359 1142 4427 ratione
1177 4359 1291 4428 habita
1325 4358 1416 4430 illius
