3628 5272
798 334 833 350 ...
850 309 887 366 33
903 339 938 350 .-

276 423 450 514 plementa
467 424 524 493 illa
539 448 627 516 quae
641 425 709 496 dixi
728 427 988 519 exscripserunt.
1013 426 1124 516 Quod
1143 445 1180 496 ut
1198 445 1346 498 statuam
1366 431 1449 500 hor-

276 562 367 616 tatur
385 548 484 617 lectio
514 550 684 640 quaedam
712 551 912 642 gravissima
940 551 974 620 in
995 575 1065 620 uno
1084 573 1153 643 mg.
1179 557 1205 619 Σ
1230 569 1263 621 et
1287 552 1450 624 Schultzii

278 673 352 742 Pal.
374 690 520 758 servata,
541 696 629 764 quae
650 693 687 743 ut
704 675 771 744 alia
789 693 919 744 taceam
939 698 978 744 ex
1002 677 1117 745 codice
1136 676 1195 744 ilio
1218 676 1450 746 vetustissimo

277 792 350 863 sine
372 796 441 864 ulla
460 796 671 866 dubitatione
690 797 841 888 profecta
865 815 936 894 εει,
949 803 1181 882 διισχυρίζομαι
1199 798 1354 867 videlicet
1373 800 1449 867 dico

276 916 421 986 verbum
445 919 661 988 rarissimum
684 941 748 1010 pro
776 924 955 1004 διορίζομαι
975 921 990 1008 ξ
1010 919 1044 990 7.
1071 919 1211 1007 Quodsi
1237 919 1339 1010 igitur
1365 919 1450 989 mihi

276 1041 452 1132 contingit,
474 1059 511 1110 ut
531 1063 640 1110 unum
660 1042 763 1132 idque
782 1042 1022 1134 gravissimum
1041 1060 1074 1111 et
1098 1043 1288 1123 maximum
1308 1044 1448 1134 supple·
1518 1119 1521 1126 Δ

278 1180 433 1233 mentum
449 1187 556 1232 manu
575 1166 659 1236 Xll.
681 1165 805 1234 saeculi
823 1166 1008 1257 οάἀίτιιπιξ
1028 1172 1056 1236 θ
1076 1182 1109 1234 et
1126 1171 1152 1236 7
1172 1165 1360 1258 genuinum
1376 1189 1450 1236 esse

277 1286 486 1376 argumentis
505 1287 742 1380 comprobem,
762 1289 984 1379 summopere
1003 1287 1168 1357 nimirum
1187 1291 1224 1356 fit
1243 1289 1312 1359 veri
1339 1291 1449 1361 simile

277 1408 379 1478 etiam
398 1408 529 1498 reliqua
547 1411 591 1480 ad
610 1409 685 1502 ipso
705 1410 936 1480 Demosthene
951 1434 1024 1480 esse
1042 1410 1205 1502 profecta.

320 1549 353 1638 §i
375 1558 413 1624 6.
439 1557 466 1622 7
488 1571 538 1640 sq.
563 1552 612 1638 [Εἰ
637 1555 695 1634 μὲν
724 1551 784 1626 σύν
807 1551 948 1632 ἅπαντες
971 1553 1203 1633 ὡμολογοῦμεν
1224 1553 1388 1620 Φίλιππον
1409 1560 1464 1638 τῇΙ

278 1674 371 1740 πόλει
393 1677 547 1754 πολεμεῖν
570 1674 622 1738 καὶ
654 1673 714 1752 τήν
743 1671 876 1752 εἰρήνην
904 1673 1128 1754 παραβαίνειν,
1152 1671 1252 1738 οὐδὲν
1274 1672 1354 1739 ἀλλο
1382 1673 1449 1740 ἔδει

277 1792 336 1859 τὸν
357 1793 517 1872 παριόντα
538 1793 645 1871 λέγειν
666 1793 719 1857 καί
734 1790 968 1874 συμβουλεύειν
990 1792 1010 1870 ἢ
1033 1791 1125 1868 ὅπως
1147 1791 1380 1872 ἀσφαλέστατα
1395 1795 1449 1860 καὶ

279 1911 384 1995 ῥᾷστα
416 1911 516 1978 αὐτὸν
549 1911 767 1992 ἀμυνούμεθα·
790 1911 898 1988 ἐπειδὴ
922 1913 958 1975 δὲ
980 1910 1087 1989 οὕτως
1109 1910 1240 1991 ἀτόπως
1271 1911 1353 1978 ἔνιοι
1381 1913 1450 1979 διά-

277 2052 405 2110 κεινται,
428 2033 516 2098 ὥστε
536 2033 649 2110 πόλεις
668 2029 971 2112 καταλαμβάνοντος
1005 2030 1131 2096 ἐκείνου
1168 2033 1220 2097 καί
1254 2032 1359 2098 πολλὰ
1381 2037 1448 2099 τιῦν

276 2152 442 2236 ὑμετέρων
463 2153 600 2232 ἔχοντος
631 2153 683 2217 καὶ
704 2151 827 2230 πάντας
849 2149 1044 2231 ἀνθρώπους
1067 2150 1258 2234 ἀδικοῦντος
1275 2151 1449 2232 ἀνέχεσθαί

276 2294 375 2340 τινων
395 2273 520 2352 ἐντοῖς
541 2272 724 2352 ἐκκλησίαις
735 2272 898 2350 λεγόντων
921 2270 1076 2350 πολλάκις
1095 2272 1141 2350 ὡς
1156 2271 1349 2352 ήμῶντινές
1365 2272 1449 2338 εἰσιν

277 2392 496 2472 ολποιοῦντες
517 2393 584 2460 τὸν
601 2393 759 2472 πόλεμον,
779 2390 901 2482 ἀνάγκη
918 2389 1212 2484 (ρυλάττεσθοιίκαί
1233 2394 1447 2471 διορθοῦσθαι

275 2515 348 2594 περὶ
369 2513 506 2580 τούτων·
529 2513 599 2579 ἔστι
623 2513 686 2593 γάρ
708 2513 785 2590 δέος
804 2485 923 2593 μήιίοθ’
942 2511 990 2590 άις
1011 2509 1220 2591 ἀμυνούμεθα
1240 2511 1370 2592 γράψας
1399 2532 1448 2589 τις

276 2633 328 2698 καί
350 2632 600 2715 συμβουλεύσας
627 2631 674 2711 εἰς
695 2632 755 2711 τὴν
772 2631 876 2699 αἰτίαν
909 2631 1033 2715 ἐμπέσῃ
1065 2633 1124 2695 τοῦ
1157 2633 1365 2710 πεποιηκέναι
1389 2632 1447 2697 τὸν

274 2751 429 2831 πόλεμον·
452 2751 518 2828 ἐγὼ
540 2751 579 2830 δή
605 2755 704 2816 τοῦτο
725 2755 857 2831 πρῶτον
895 2749 1048 2816 ἁπάντων
1071 2751 1155 2826 λέγω
1179 2752 1231 2816 καί
1256 2751 1447 2830 διορίζομαι,

281 2871 309 2936 εἰ
332 2869 385 2951 ἐφ’
407 2869 483 2951 ἡμῖν
507 2871 576 2936 ἐστι
592 2872 630 2936 τὸ
649 2871 861 2953 βουλεύεσθαι
882 2871 955 2950 περί
972 2873 1030 2935 τοῦ
1046 2869 1186 2950 πότερον
1210 2869 1341 2949 εἰρήνην
1357 2868 1446 2947 ἀγειν

276 2990 296 3068 ἢ
321 2993 477 3069 πολεμεῖν
500 2989 576 3074 δελ]

278 3126 312 3191 Εἰ
334 3128 393 3206 μὲν
415 3124 478 3191 σύν
499 3127 625 3192 ἔξεστιν
647 3124 780 3206 εἰρήνην
800 3125 891 3204 ἄγειν
913 3132 951 3210 τῇ
987 3128 1082 3193 πόλει
1103 3129 1155 3193 καί
1195 3127 1249 3207 ἐφ’
1271 3127 1347 3209 ἡμῖν
1375 3129 1445 3194 ἐστι

271 3249 388 3324 τοῦτο,
410 3245 452 3312 ἵν’
475 3247 626 3312 ἐντεῦθεν
649 3243 807 3326 ἄρξωμαι,
830 3247 914 3326 φημὶ
935 3247 1038 3323 ἔγωγε
1060 3245 1150 3322 ἀγειν
1173 3245 1256 3326 ἡμᾶς
1279 3250 1363 3326 δεῖν,
1397 3248 1450 3312 καὶ

276 3366 335 3431 τὸν
357 3369 457 3432 ταῦτα
479 3366 616 3446 λέγοντα
632 3364 770 3446 γράφειν
780 3367 834 3456 καὶ
855 3365 1006 3445 πράττειν
1021 3367 1073 3430 καί
1088 3366 1129 3445 μή
1150 3367 1333 3456 φενακίζειν
1356 3365 1448 3433 ἀξιιῦ,

277 3486 363 3552 εἰδὲ
386 3487 496 3566 ἕτερος
517 3485 557 3551 τά
579 3485 663 3552 ὅπλα
685 3487 720 3552 ἐν
742 3489 813 3565 ταῖς
835 3489 947 3567 χερσὶν
969 3486 1054 3566 ἔχων
1077 3487 1129 3552 καὶ
1156 3487 1293 3567 δύναμιν
1314 3487 1446 3566 πολλὴν

249 3583 250 3586 ¹
276 3608 349 3687 περί
370 3605 470 3672 αὑτὸν
486 3605 631 3687 τοῦνομα
648 3608 707 3687 μὲν
723 3607 762 3672 τὸ
783 3612 842 3688 τῆς
857 3607 989 3687 εἰρήνης
1007 3607 1083 3688 ύμῖν
1107 3607 1295 3688 προβάλλει,
1319 3609 1390 3686 τοῖς
1420 3605 1449 3672 δ’

276 3725 384 3806 ἔργοις
406 3727 505 3806 αὐτὸς
526 3729 596 3806 τοίς
617 3731 676 3792 τοῦ
708 3727 852 3808 πολέμου
879 3730 1006 3808 χρῆται,
1034 3727 1065 3792 τί
1096 3728 1210 3798 λοιπὸν
1243 3723 1324 3791 ἄλλο
1356 3723 1443 3804 πλήν

277 3844 465 3926 ἀμύνεσθαι;
552 3875 553 3880 “

322 3982 435 4052 Verba
453 3981 522 4070 illu,
544 4001 631 4072 quae
653 3979 778 4050 desunt
797 3979 831 4048 in
855 3979 956 4051 codd.
978 3981 1084 4050 Laur.
1105 3996 1139 4049 et
1161 3982 1199 4068 Σ,
1225 3979 1260 4049 in
1280 3979 1345 4048 hoc
1367 3999 1451 4047 vero
1496 3962 1499 3970 ¹
1567 4067 1568 4072 ἵ

277 4127 383 4174 manu
401 4103 485 4176 XII.
506 4103 631 4180 saeculi
645 4103 801 4195 suppleta
819 4120 910 4190 sunt,
931 4097 1238 4190 aFunkhaeneli‘O,
1260 4099 1450 4170 editoribus

238 4202 250 4214 Ἰ
276 4227 534 4315 Turicensibus,
566 4225 728 4313 Fraukio‚
756 4225 940 4315 Schultzio,
970 4226 1046 4297 aliis
1066 4244 1103 4294 ut
1131 4226 1247 4318 spuria
1266 4224 1447 4312 eiciuntur,

276 4373 396 4420 verum
415 4325 436 4419 a*
454 4348 635 4442 Spengelio
653 4371 731 4420 cum
757 4348 1004 4441 vituperatione
1028 4349 1116 4420 mule
1144 4349 1245 4438 iusta,
1265 4371 1286 4416 a
1319 4345 1452 4416 Weilio
1527 4347 1530 4352 ’

1384 4503 1398 4546 ι
