906 1317
383 97 400 100 ...
407 89 424 105 21
434 97 450 101 .—

124 119 212 137 lectionem
224 119 293 137 vinculo
305 120 381 142 quodam
393 120 436 137 inter
445 126 464 137 se
474 120 556 138 contineri
565 125 582 138 et
592 121 655 144 optime
665 127 679 139 c(

124 150 185 168 cinere.
199 151 257 173 Atque
269 150 311 168 illud
322 151 392 173 quidem
404 151 451 168 haud
463 151 497 168 scio
507 157 528 169 an
538 152 631 175 quisquam
640 152 679 170 etiaz

124 188 159 200 non
170 182 221 200 faciat
231 188 271 200 cum
282 182 348 200 Weilio
359 182 407 200 facile
420 182 508 204 concedat,
521 183 543 200 ita
558 187 577 200 ut
592 183 677 201 additame

123 213 145 230 ad
157 213 231 231 eundem
243 217 331 231 auctorem
343 213 432 231 videantur
444 213 538 231 reserenda.
556 214 607 236 Quid
621 219 661 231 vero
674 221 679 232 ε

124 244 163 262 velit
174 244 281 262 admirabilis
294 245 321 262 ille
332 249 424 262 concentus
435 244 520 263 difficilius
535 250 561 263 est
575 246 597 263 ad
607 245 679 269 intelleg‹

124 275 173 293 dum,
187 275 230 297 Qua
241 276 288 293 enim
303 275 369 293 ratione
386 276 520 293 Demosthenem
537 276 621 299 imprimis
637 277 679 294 duct

124 312 160 323 esse
172 306 279 329 putabimus,
292 311 311 324 ut
323 312 355 330 pro
367 306 449 324 sententia
461 307 508 330 gravi
521 308 572 330 atque
585 307 646 330 insigni
658 311 674 325 et

124 343 160 354 rem
169 337 225 360 ipsam
237 337 356 355 illustrandam
365 338 543 356 accommodatissima
553 338 589 361 ipse
600 342 671 361 poneret

124 374 176 386 nuem
187 373 238 392 atque
249 369 335 392 frigidam,
348 375 401 392 quam
413 370 439 387 vel
450 369 550 392 Spengelius
561 369 616 387 facere
628 374 663 387 non
674 376 679 393 1

123 403 154 417 test
165 400 207 422 quin
218 400 327 418 vehementer
339 400 463 423 reprehendat?
476 401 506 417 An
518 405 564 418 metu
577 405 606 417 aut
615 400 679 423 indulg«

123 431 158 449 tia?
170 431 244 449 Minime
256 437 302 449 vero.
317 431 338 449 Id
349 431 394 449 enim
406 431 482 449 Weilius
496 431 577 454 exemplis
590 431 663 454 probare
676 438 679 448 l

123 462 160 479 buit
172 462 202 479 has
214 468 233 480 ac
246 463 288 480 tales
303 462 375 480 omnino
390 462 464 480 rationes
480 462 614 480 Demosthenem
629 467 679 480 secuti

108 490 110 492 ¹
124 498 161 510 esse
174 499 258 516 unquam,
270 497 307 511 tum
315 493 345 516 qui
354 493 390 511 fieri
399 493 474 515 potuerit
483 497 502 510 ut
512 493 548 515 ipse
558 493 655 511 orationum
666 500 679 511 st

124 530 163 541 rum
175 524 209 541 vim
222 529 239 542 et
250 524 349 547 gravitatem
364 524 453 542 levissimis
466 524 586 542 additamentis
602 524 679 548 infringei

123 555 189 572 Verum
200 555 246 573 enim
263 561 303 573 vero
318 555 351 573 hoe
366 561 376 573 a
391 555 488 573 rhetoribus
503 555 653 578 grammaticisque
669 561 679 573 s

123 585 193 609 pissime
205 592 241 603 esse
254 586 317 603 factum
329 586 368 609 quis
380 586 441 609 estqui
451 586 526 604 nesciat?
540 586 601 609 Itaque
610 587 679 609 posthal

123 617 183 634 Weilii
193 617 290 634 coniectura
301 617 383 635 iudicium
393 621 472 635 nostrum
484 618 504 635 de
514 618 532 640 §S
540 618 561 635 37
573 622 590 635 et
600 618 621 635 :39
630 617 679 641 inter}

124 648 217 665 lationibus
230 654 282 672 supra
293 648 369 672 positum
380 653 469 666 teneamus
480 654 548 666 necesse
559 652 591 666 est.

145 679 179 697 Sed
191 679 281 697 redeamus
293 680 315 697 ad
327 679 375 702 illud,
384 680 431 697 unde
439 680 548 697 devertimus.
562 680 619 697 Etiam
629 685 673 702 quae

124 709 132 732 ξ
141 710 163 727 46
175 710 268 734 disputavit
280 711 356 728 Weilius
367 716 402 729 non
414 711 453 728 talia
466 715 512 733 sunt,
526 715 546 728 ut
557 711 613 733 quivis
622 716 642 728 ea
653 716 679 734 p0=

123 747 219 764 agnoscere.
233 742 314 764 Namque
326 742 358 759 hoc
370 742 420 759 etiarn
437 742 475 759 loco
490 742 570 765 opinatur
586 742 629 759 duas
643 747 679 759 serv

124 772 231 790 recensiones
242 772 299 790 leviter
309 773 353 790 inter
360 779 377 790 se
384 778 444 790 nexas.
455 773 520 796 Itaque,
532 777 551 790 ut
559 778 612 796 supra
618 772 653 790 iam
665 773 676 790 d

123 809 177 821 unurn
190 804 248 821 laudat
260 803 376 827 Spengeliurn,
389 804 418 826 qui
430 804 548 830 dissertatione
560 810 576 821 a.
591 804 632 821 1839
644 803 679 821 scri}

123 835 154 852 hac
165 835 186 852 de
198 840 216 852 re
227 834 293 857 primus
305 839 349 852 recte
362 834 467 852 iudicaverit.
478 834 512 853 sed
518 834 633 857 difficultates,
644 834 679 857 quil

123 865 181 883 Weilii
194 866 288 889 explicandi
300 865 366 883 ratione
377 866 492 888 implicamur,
509 866 563 883 multo
578 865 652 883 'maiores
667 871 679 882 ει

123 902 175 919 quam
185 902 262 919 unquam
274 897 343 914 fuerunt
354 901 409 914 antea.
423 896 461 914 Nisi
474 897 520 914 enim
532 896 556 913 ait
567 896 595 913 ille
605 896 656 913 libere
667 901 679 918 p

123 927 165 945 fiteri
177 927 255 950 velimus,
268 933 299 945 nos
312 927 395 950 scripturn
411 927 452 945 illud
466 927 554 945 recitatum
570 932 591 944 ne
607 926 679 949 cogimtit

123 958 193 980 quidem
204 958 295 981 depingere
307 963 363 980 posse,
377 958 463 981 duplicem
476 958 528 975 modo
542 963 631 980 superesse
646 963 677 974 con

123 989 200 1007 cionem:
218 989 352 1007 Demosthenem
369 993 398 1006 aut
412 989 429 1006 in
444 989 503 1006 animo
516 988 596 1006 habuisse
611 988 679 1006 brevior

123 1020 228 1043 optimorum
233 1020 312 1037 codicum
319 1021 332 1037 Σ
341 1024 357 1037 et
365 1020 418 1037 Laut.
429 1024 494 1037 textum
502 1019 580 1037 uberiore
585 1018 677 1042 disputatio

122 1056 175 1074 quam
187 1051 246 1069 litteris
258 1057 293 1069 non
304 1051 416 1074 mandaverit,
429 1051 533 1074 amplificare
544 1054 574 1067 aut
585 1050 595 1073 5
607 1049 629 1067 47
638 1056 664 1072 sq.
675 1056 679 1064 ι

123 1082 175 1099 luisse
186 1082 244 1104 deleri,
257 1087 275 1099 ut
288 1086 328 1105 post
336 1083 366 1099 οὐκ
377 1083 464 1104 ὀργιεῖσθε,
476 1082 532 1099 statim
543 1085 642 1105 pergeretur
650 1086 679 1098 ver

124 1114 131 1136 ξ
141 1113 162 1130 54
171 1113 194 1133 εἰς
205 1115 254 1130 τοῦτο
265 1113 324 1134 ἀφῖχθε
336 1114 397 1134 μωρίας
407 1114 417 1134 ἢ
429 1113 519 1134 παρανοίας
526 1114 559 1130 κτλ.
573 1112 628 1134 Quod
640 1116 679 1129 utru
