3628 5272
909 387 943 399 ..
961 357 995 414 42
1013 387 1046 400 .-

392 478 561 577 quosdam
581 453 669 565 [sine
685 477 791 546 dubio
810 473 926 545 orator
945 477 1026 546 dicit
1045 475 1202 549 factionis
1218 476 1431 570 Philippicae
1446 480 1564 568 duces]

392 600 428 668 in
446 600 664 670 contionibus
689 601 836 670 subinde
866 600 1055 670 dictitantes
1085 586 1251 694 nostrum*
1273 623 1346 694 esse
1378 603 1563 692 quosdam,
1618 655 1621 666 ,

393 723 452 815 qui
467 724 595 794 bellum
613 722 797 792 excitemus
818 725 924 809 [ἡμῶν
946 747 1044 812 τινες,
1077 723 1189 814 inquit
1222 725 1482 815 Demosthenes,
1513 727 1564 796 di-

392 847 503 938 citque
522 869 558 916 se
578 847 692 938 ipsum
710 863 743 916 et
762 847 873 918 socios
895 843 977 914 suos
995 846 1125 937 patriae
1154 845 1435 936 amantissimos}
1463 847 1565 916 Hanc

288 1020 290 1024 .
391 971 493 1062 igitur
520 993 594 1040 rem
626 992 709 1058 prae
731 957 852 1038 ceteris
876 963 1051 1059 explicabo
1080 985 1111 1037 et
1142 968 1395 1038 constituam».
1435 969 1504 1042 Sed
1528 987 1566 1039 ut
1616 1033 1621 1046 ,

323 1171 327 1178 ,
391 1090 466 1160 aliis
484 1090 596 1161 verbis
613 1115 685 1160 rem
709 1088 820 1183 ipsam
840 1091 1019 1180 illustrem,
1041 1090 1076 1161 id
1087 1093 1306 1184 potissimum
1317 1093 1564 1165 Demosthenes

392 1231 442 1282 est
477 1215 692 1306 expositurus
726 1215 929 1306 Philippum
954 1239 990 1284 re
1017 1237 1097 1284 vera
1126 1215 1194 1284 iam
1228 1216 1356 1284 bellum
1390 1239 1504 1307 gerere
1531 1216 1566 1283 in

395 1338 623 1408 Athenienses
641 1341 672 1426 (ξ
691 1337 775 1408 8-19
799 1354 830 1406 et
853 1338 1004 1428 sqq.-36)
1023 1355 1055 1407 et
1080 1338 1156 1407 illos
1175 1340 1273 1424 τινάς,
1299 1341 1358 1428 qui
1387 1339 1422 1408 in
1447 1338 1561 1431 ipsum
1648 1393 1650 1396 -

285 1459 287 1464 ’
390 1478 423 1530 et
442 1461 550 1530 socios
575 1462 653 1530 belli
673 1442 804 1530 excitati
833 1463 965 1532 crimen
983 1461 1163 1551 coniciant,
1199 1485 1269 1532 non
1300 1464 1423 1533 iniuste
1450 1465 1563 1531 solum

393 1586 457 1652 hoc
477 1583 598 1672 facere,
620 1585 680 1653 sed
698 1583 861 1654 miseram
879 1583 1009 1677 patriae
1027 1586 1192 1654 adversus
1211 1583 1415 1660 insidiosum
1440 1585 1559 1657 Mace·

391 1707 523 1776 donum
543 1729 658 1799 regem
689 1708 927 1778 condicionem
947 1708 982 1778 in
1012 1709 1168 1801 ipsorum
1196 1710 1384 1800 nequitiam
1404 1728 1436 1778 et
1458 1711 1562 1778 fidem

391 1831 546 1898 venalem
565 1831 703 1921 proprie
726 1854 800 1900 esse
820 1832 1047 1902 referendam.
1081 1829 1224 1923 lamque
1251 1832 1427 1924 aptissime
1449 1850 1565 1904 orator

389 1951 501 2020 verbis
539 1953 555 2039 ξ
591 1954 612 2019 8
644 1954 686 2021 ἵν’
721 1955 872 2023 ἐντεῦθεν
907 1956 1069 2040 ἄρξωμαι,
1106 1976 1194 2045 quae
1233 1972 1366 2026 servata
1402 1955 1560 2046 proposi-

388 2074 481 2142 tione
499 2073 556 2141 illa
577 2073 593 2162 ξ
618 2075 638 2140 7
668 2073 748 2142 ferri
777 2094 846 2143 non
870 2093 1026 2164 possunt,
1054 2077 1099 2144 ad
1118 2099 1191 2145 rem
1210 2077 1323 2167 ipsam
1350 2078 1563 2146 tractandam

387 2195 607 2286 aggrediens:
631 2223 645 2258 υ
670 2195 780 2286 Quod
799 2195 841 2283 si,
860 2196 981 2286 inquit,
1003 2214 1042 2266 ut
1059 2199 1139 2268 inde
1158 2199 1295 2269 initium
1314 2201 1461 2292 capiam,
1484 2192 1572 2269 urbi'

390 2317 466 2388 licet
479 2341 600 2410 pacem
620 2340 718 2410 agere
737 2315 840 2408 idque
855 2341 959 2407 penes
978 2343 1043 2388 nos
1062 2338 1123 2405 est,
1144 2323 1315 2391 contendo
1336 2337 1402 2415 ego¹
1416 2323 1574 2412 quidem.

356 2465 358 2469 ⁴
387 2441 557 2532 agendam
576 2462 652 2510 eam
671 2441 771 2510 nobis
791 2465 865 2512 esse
884 2458 917 2511 et
935 2444 1084 2534 postu10,
1108 2461 1145 2514 ut
1163 2444 1205 2534 is,
1222 2445 1285 2536 vqui
1300 2446 1383 2513 haec
1402 2443 1564 2531 affirmat,

387 2565 517 2655 optima
536 2587 692 2654 quaeque
712 2581 745 2634 et
763 2582 858 2656 roget
875 2582 908 2634 et
931 2565 1021 2634 dicat
1051 2587 1161 2657 neque
1188 2567 1324 2659 ineptiis
1349 2568 1581 2660 proferendis·

386 2689 475 2756 cives
495 2687 645 2756 ludibrio
665 2688 809 2757 habeat:
831 2688 883 2757 sin
904 2691 988 2758 alter
1006 2713 1105 2760 arma
1132 2691 1167 2760 in
1193 2691 1354 2760 manibus
1374 2693 1505 2760 habens
1527 2709 1561 2759 et
1599 2747 1605 2758 ,

386 2831 530 2902 ,ιυυςηοε
549 2813 638 2880 circa
657 2834 693 2880 se
721 2813 836 2898 copias
869 2813 1025 2881 collectas
1054 2835 1181 2883 nornen
1206 2817 1300 2906 pacis
1327 2814 1424 2884 vobis
1461 2837 1561 2908 prae-

310 2919 319 2932 *
387 2933 506 3018 tendit,
520 2933 605 3002 nihil
623 2934 717 3002 aliud
736 2951 786 3003 est
801 2934 972 3024 reliquum
993 2957 1099 3026 quarn
1113 2953 1151 3004 ut
1170 2936 1214 3005 ab
1233 2959 1273 3005 eo
1288 2936 1558 3008 defendamus».

435 3056 538 3145 Quae
555 3079 636 3126 cum
655 3059 700 3126 ita
720 3058 799 3146 sint,
816 3080 896 3126 cum
916 3057 950 3146 ἕξ
976 3060 997 3126 6
1020 3070 1054 3128 et
1079 3062 1100 3130 7
1123 3079 1226 3128 manu
1247 3060 1326 3129 XII
1328 3115 1335 3130 .
1367 3061 1499 3160 soeculi
1524 3061 1570 3129 io

386 3181 463 3250 cod.
489 3180 711 3272 {suppletor
734 3179 950 3250 correctione
973 3183 1122 3272 quadum
1147 3170 1307 3252 adhibita
1326 3183 1369 3251 ab
1389 3183 1463 3275 ipso
1482 3205 1563 3253 ora-

388 3313 466 3372 tore
489 3303 643 3395 scriptos
662 3326 735 3372 esse
754 3303 1103 3380 demonstraverimus
1123 3311 1311 3396 eorumque
1339 3305 1562 3376 omissionem

387 3407 573 3517 archetypo
590 3397 749 3496 codicum
769 3430 795 3493 Σ
813 3441 846 3494 et
866 3428 972 3496 Laur.
995 3428 1126 3497 scribae
1149 3451 1221 3497 esse
1240 3429 1375 3498 crimini
1395 3411 1558 3514 dandam,

387 3549 457 3617 veri
476 3548 860 3646 videtursimillimum,
896 3567 934 3617 ut
960 3571 1066 3642 supra
1094 3550 1164 3620 iam
1193 3550 1275 3640 dixi,
1301 3552 1403 3620 etiarn
1430 3551 1577 3641 reliqua·

387 3671 541 3740 eiusdem
560 3693 685 3742 manus
704 3671 948 3762 additamenta,
974 3675 1002 3742 si
1025 3674 1146 3744 eadem
1176 3676 1217 3744 de
1241 3697 1344 3744 causa
1370 3697 1409 3742 ea
1433 3677 1561 3744 omissa

387 3817 460 3863 esse
479 3795 621 3886 probari
641 3795 761 3886 possit,
783 3819 857 3866 esse
876 3797 1035 3887 genuina.

433 3922 550 4009 Atque
569 3918 696 3988 horum
715 3920 750 3987 in
771 3940 917 3987 numero
940 3921 1093 4006 primum
1122 3904 1321 3990 referendus
1349 3935 1399 3988 est
1430 3919 1445 4008 §
1479 3925 1557 3991 58:

387 4042 439 4107 καὶ
461 4043 539 4122 μετὰ
567 4047 653 4109 ταῦτ’
675 4044 866 4122 ἐξελήλακεν
889 4043 925 4108 ἐκ
946 4048 1005 4124 τῆς
1028 4046 1137 4126 χώρας
1158 4045 1208 4124 δὶς
1238 4045 1300 4124 ἤδη
1336 4043 1557 4136 βουλομένους

388 4163 550 4229 σώζεσθαι
574 4161 660 4246 [τότε
683 4165 742 4242 μὲν
764 4164 896 4245 πέμψας
913 4165 992 4242 τοὺς
1015 4162 1080 4244 μετ’
1103 4164 1288 4244 Εὐρυλόχου
1312 4163 1439 4240 ξένους,
1463 4161 1559 4227 πάλιν

387 4281 424 4345 δὲ
438 4283 516 4359 τοὺς
528 4282 608 4360 μετὰ
623 4281 883 4368 Παρμενίωνος].
902 4285 958 4349 Καὶ
974 4284 1003 4348 τί
1018 4287 1069 4348 δεῖ
1083 4283 1123 4348 τὰ
1138 4283 1244 4349 πολλὰ
1259 4282 1375 4364 λέγειν;
1392 4277 1561 4354 -Verba

386 4397 456 4485 illa,
478 4422 565 4487 quae
582 4399 814 4490 desuntinpr.
833 4402 939 4470 Laut.
960 4416 994 4469 et
1012 4423 1063 4492 pr.
1082 4405 1120 4489 Σ,
1137 4401 1190 4469 hic
1204 4423 1327 4469 manus
1337 4387 1420 4471 Xll.
1434 4399 1560 4470 saeculi
