3628 5272
877 322 912 333 ..
929 295 964 350 40
980 325 1015 334 ..

355 413 429 480 loco
453 433 522 480 non
546 427 597 477 est
614 451 656 464 -
673 415 851 496 διορίζομαι
866 434 947 480 cum
965 414 1069 482 verbo
1084 415 1324 486 considerandi
1347 420 1401 498 vel
1417 442 1523 509 quae-

355 535 450 605 rendi
475 552 511 602 ut
534 541 648 602 σκοπιῖι
674 533 748 602 aliis
778 534 821 601 sit
849 523 1083 604 coniunctum.
1122 538 1240 628 Itaque
1270 539 1450 630 proponit,
1489 559 1526 609 ut

353 675 431 750 post
450 661 628 740 διορίζομαι
647 672 797 747 ponatur
814 657 916 725 colon
938 675 970 726 et
993 659 1105 728 verbis
1125 663 1152 728 εἰ
1175 663 1229 745 ἐφ’
1252 666 1327 746 ἡμῖν
1340 666 1410 732 ἐστι
1436 687 1525 734 nova

353 781 535 872 incipiatur
561 781 761 848 enuntiatio.
793 780 902 850 Cuius
939 768 1089 872 priorem
1119 801 1252 875 partem
1285 786 1452 876 pertinere
1480 791 1524 858 ad

351 911 504 986 πολεμεῖν
526 911 587 981 δεῖ,
623 905 765 972 alteram
797 905 932 972 omissis
968 905 1034 974 illis
1064 910 1092 978 εἰ
1118 913 1176 990 μὲν
1199 910 1301 978 οὖν...
1324 911 1525 993 ἄρξομαι-
1575 935 1580 948 ·

349 1025 433 1118 haec
458 1025 551 1097 enim
577 1027 670 1117 quod
694 1025 762 1094 sint
788 1027 930 1096 molesta
953 1051 1064 1118 neque
1088 1027 1157 1097 iam
1182 1028 1368 1097 sententiae
1395 1052 1522 1100 conve-

351 1147 447 1216 niant
460 1149 604 1217 delenda
618 1171 690 1216 esse
702 1165 800 1238 putat
819 1187 858 1200 -
881 1149 1047 1241 incipere:
1076 1155 1159 1234 φημὶ
1181 1155 1284 1231 ἔγωγε
1310 1153 1519 1233 <είρήνην>

350 1271 440 1350 ἄγειν
464 1273 547 1354 ἡμᾶς
568 1279 637 1340 δεῖν
660 1273 720 1341 rel.
749 1273 800 1340 lta
834 1273 975 1358 demum
1004 1272 1149 1364 intellegi
1176 1271 1259 1362 quid
1285 1264 1350 1340 sibi
1374 1271 1454 1339 velit
1479 1271 1521 1340 il·

350 1393 410 1460 lud
429 1395 662 1476 διισχυρίζομαι
684 1395 825 1485 antiqua
850 1418 956 1466 manu
981 1420 1051 1489 mg.
1073 1395 1325 1488 Zadscriptum
1349 1407 1392 1480 [et
1419 1396 1520 1464 etiam

350 1513 384 1581 in
409 1511 572 1584 Schultzii
598 1516 672 1584 Pal.
695 1527 878 1600 servatum]
902 1542 965 1609 pro
989 1522 1182 1602 διορίζομαι,
1208 1539 1288 1586 cum
1307 1533 1407 1589 antea
1425 1540 1523 1586 voca·

349 1636 430 1705 bulo
456 1637 502 1706 illi
527 1661 605 1708 cum
624 1643 651 1708 εἰ
670 1640 852 1710 coniuncto
876 1643 991 1710 nullus
1005 1641 1106 1710 suerit
1120 1663 1252 1709 sensus.
1271 1640 1393 1728 Quod,
1413 1663 1523 1731 quan-

347 1775 423 1826 tum
448 1781 510 1850 ego
533 1760 673 1850 quidem
697 1762 847 1831 iudicare
870 1762 1240 1850 possum„rectissime
1259 1761 1518 1830 'viditWeilius

349 1885 399 1949 At
423 1905 528 1973 quam
554 1883 596 1951 de
620 1883 685 1952 hoc
709 1886 783 1953 loco
802 1885 1016 1955 ¹restituendo
1044 1885 1186 1977 protulit
1215 1884 1416 1954 sententiam
1445 1907 1521 1954 eam

349 2006 444 2074 nullo
466 2008 571 2075 modo
594 2009 821 2098 comprobare
852 2031 1008 2099 possum.
1038 2011 1087 2080 Ut
1118 2008 1211 2078 enim
1229 2050 1270 2111 ᾗ
1295 2009 1390 2099 quod
1417 2031 1521 2101 supra

241 2163 242 2168 ι
347 2129 487 2219 exposui
508 2167 544 2182 -
565 2130 728 2200 orationis
762 2131 972 2223 Philippicae
994 2131 1111 2200 tertiae
1142 2133 1206 2226 hoc
1237 2134 1310 2201 vult
1339 2155 1413 2200 esse
1443 2153 1520 2200 ma-

346 2251 435 2320 xime
460 2253 651 2343 proprium,
678 2271 715 2322 ut
737 2254 873 2345 saepius
897 2255 1035 2323 alterius
1059 2253 1266 2324 recensionis
1287 2254 1520 2322 additamenta

347 2374 421 2442 sine
444 2376 516 2443 ullo
537 2376 785 2446 coniunctionis
810 2375 947 2445 vinculo
971 2377 1074 2445 textui
1098 2375 1277 2445 videantur
1311 2375 1448 2464 inserta,
1474 2376 1521 2447 ita

347 2498 412 2565 hoc
435 2497 536 2566 etiam
560 2499 636 2566 loco
658 2516 748 2568 tenet
782 2498 985 2568 sententiam
1021 2519 1132 2568 suam.
1169 2500 1289 2588 ltaque
1320 2521 1362 2568 ne
1387 2500 1521 2568 deesset

345 2621 514 2707 quaedam
538 2621 784 2690 sententiarum
802 2624 1031 2706 cohaerentia,
1059 2623 1211 2691 rhetores
1235 2623 1288 2690 vel
1316 2621 1517 2713 grammati-

343 2762 403 2810 cos
427 2743 542 2811 statuit
560 2744 604 2812 ad
628 2767 823 2836 perversam
850 2745 1158 2836 interpunctionem
1182 2761 1214 2812 et
1235 2767 1377 2836 pravam
1406 2767 1517 2813 enun-

342 2863 504 2932 tiatorum
528 2866 803 2936 coniunctionem
827 2867 1031 2959 confugisse.
1062 2869 1207 2938 Minime
1230 2881 1324 2938 veru.
1356 2869 1545 2957 Namque.

343 2985 496 3076 primum
514 2988 541 3055 si
562 3004 650 3056 recte
673 2991 719 3056 ita
741 3013 778 3057 re
808 3013 888 3084 vera
924 2991 1018 3058 locus
1045 3007 1133 3060 esset
1159 2990 1374 3077 emendatus
1400 2988 1515 3058 omnis

342 3134 486 3203 prorsus
510 3114 643 3183 sublata
662 3115 760 3184 nobis
780 3130 867 3202 esset
882 3136 986 3184 causa
1000 3137 1060 3183 cur
1078 3130 1242 3204 utrosque
1258 3113 1292 3201 ἕξ
1312 3115 1332 3180 6
1351 3113 1418 3181 et7
1437 3129 1518 3180 ante

343 3236 498 3322 §Scasu
524 3254 556 3304 et
579 3236 718 3306 fortuito
742 3237 953 3306 intercidisse
983 3249 1199 3328 putaremus:
1234 3235 1304 3303 veri
1340 3234 1434 3302 enim
1465 3249 1517 3302 est
1556 3255 1562 3266 ·

340 3357 558 3427 simillimum
582 3362 720 3428 oculum
734 3361 823 3428 illius
836 3360 894 3450 qui
908 3363 1131 3453 archetypum
1143 3359 1337 3429 codicumX
1356 3376 1388 3428 et
1408 3361 1515 3428 Laur.

238 3543 240 3546 .
339 3479 514 3569 scripserit
537 3481 581 3550 ab
605 3483 633 3547 εἰ
655 3486 713 3564 μὲν
736 3481 837 3574 οὗνῄξ
856 3485 876 3550 6
895 3482 940 3550 ad
959 3485 987 3550 εί
1008 3488 1068 3566 μὲν
1091 3485 1151 3552 οὖν
1175 3482 1232 3570 §8
1256 3481 1342 3550 sorte
1375 3481 1517 3550 aberra-

340 3604 441 3672 visse.
469 3604 600 3673 Deinde
627 3625 707 3672 cum
741 3606 895 3674 We'ilius
925 3604 1029 3679 verba
1056 3604 1112 3672 illa
1146 3606 1174 3672 εἰ
1197 3607 1250 3687 ἐφ’
1273 3605 1349 3687 ἡμῖν
1371 3606 1441 3671 ἐστι
1479 3606 1518 3670 τὸ

340 3727 557 3808 βουλεύεσθαι
571 3697 651 3808 Ιπερὶ
673 3733 731 3795 τοῦ
754 3731 894 3809 πότερον
918 3729 1049 3809 εἰρήνην
1066 3727 1190 3806 ἄγεινῆ
1207 3729 1362 3806 πολεμεῖν
1374 3728 1425 3789 δεῖ
1443 3722 1518 3790 sine

341 3843 411 3911 ulla
438 3844 650 3914 dubitatione
675 3863 711 3914 ut
745 3847 892 3936 genuina
922 3863 1094 3938 agnoscat,
1129 3845 1249 3913 facere.
1270 3865 1340 3914 non
1371 3867 1516 3936 possum

339 3965 423 4054 quin
448 3966 605 4057 pluribus
640 3969 682 4036 de
711 3967 823 4036 causis
854 3990 932 4036 eum
959 3965 1222 4058 reprehendam.
1253 3965 1414 4034 Vidimus
1446 3965 1516 4034 iam

340 4089 425 4157 illud
455 4095 610 4172 πολεμεῖν
643 4095 694 4157 δεῖ
722 4091 943 4180 sequentibus
974 4113 1084 4178 usque
1117 4089 1161 4156 ad
1187 4089 1203 4176 §
1233 4087 1276 4156 46
1304 4087 1349 4156 ab
1380 4104 1519 4156 oratore

339 4211 484 4280 omnino
506 4235 576 4281 non
600 4213 771 4304 explicari.
796 4214 920 4282 Talem
958 4233 1038 4280 vero
1073 4209 1345 4301 propositionem
1376 4209 1410 4277 in
1440 4233 1515 4279 tne-

338 4333 437 4402 dium
460 4337 644 4426 protulisse
667 4335 732 4404 nisi
760 4357 795 4403 re
817 4356 896 4404 vera
920 4355 996 4401 eam
1016 4348 1222 4401 tractaturus
1242 4329 1361 4399 fuisset
1384 4332 1515 4400 Demo-
