3628 5272
871 345 1006 401 ..33-

37 471 58 568 1‘
75 443 76 446 Ἴ
196 473 199 542 ζ
356 489 373 530 ν
395 471 548 548 πολεμεῖν
565 471 646 532 δεῖν
670 481 852 533 tractatum
871 464 925 534 sit.
947 464 1047 533 Talia
1075 465 1171 554 sequi
1198 487 1309 554 neque
1328 464 1525 536 Schultzius

171 593 174 610 ¹
225 643 226 650 ,
261 603 263 608 ·
351 588 423 678 ipse
446 588 556 677 ne'que
578 586 824 675 Rehdantzius,
850 588 909 678 qui
933 586 1017 655 illud
1035 593 1221 671 «πολεμεῖν
1242 594 1325 667 δεῖν
1348 609 1456 677 usque
1476 589 1520 656 ad

173 721 175 728 ’
269 689 270 692 ¹
350 709 366 796 ξ
384 710 426 778 36
447 709 582 778 tractari
604 728 637 779 et
658 710 704 780 ita
726 711 995 802 propositionem
1010 712 1053 779 ad
1068 711 1173 780 finem
1193 711 1353 802 opinatur
1371 712 1521 802 perduc-

349 852 434 920 tam,
456 857 577 926 negare
611 851 733 925 potest.
771 833 839 906 Sed
873 833 1055 902 offenditur
1088 833 1143 902 ille
1175 857 1227 922 e0,
1262 835 1354 923 quod
1378 837 1461 904 haec
1484 834 1521 903 in

42 1039 45 1052 Ι
84 1025 86 1032 Α
296 1001 297 1004 =
349 957 468 1049 exigua
491 957 655 1026 orationis
677 973 772 1048 parte
795 973 980 1025 tractentur
1002 978 1042 1025 ac
1066 979 1135 1024 non
1154 972 1225 1024 tota
1244 958 1408 1026 oratione:
1431 975 1522 1026 recte

350 1083 442 1151 enirn
465 1081 589 1150 vidisse
613 1080 798 1149 Libanium
820 1081 884 1148 hoc
908 1080 1016 1148 unum
1045 1081 1078 1148 in
1094 1081 1247 1148 oratione
1262 1081 1328 1172 agi,
1356 1097 1391 1148 ut
1409 1081 1519 1150 Athe-

347 1209 480 1278 nienses
503 1209 546 1276 ad
565 1209 693 1276 bellum
716 1206 950 1274 excitarentur.
975 1205 1132 1294 Quoquo
1152 1206 1257 1274 modo
1276 1227 1329 1274 res
1349 1206 1516 1295 sehabet,

349 1332 482 1420 utrique
506 1332 547 1398 de
565 1331 668 1401 totius
688 1327 850 1398 orationis
870 1332 1113 1427 sententiarum
1133 1329 1252 1398 ordine
1270 1352 1449 1420 perperam
1461 1329 1515 1397 iu-

348 1454 473 1522 dicant.
500 1454 574 1520 lam
598 1473 679 1520 cum
705 1452 747 1520 de
770 1452 846 1538 §46
870 1452 1094 1542 disputarem,
1126 1452 1231 1521 verba
1256 1454 1382 1542 §aaut
1403 1455 1466 1534 γὰρ
1489 1453 1519 1519 εἰ

67 1603 68 1612 ¹
179 1571 203 1678 ’Δ
275 1575 278 1578 ’
349 1579 435 1644 πάνυ
450 1578 585 1658 φαύλως
597 1577 636 1642 τὰ
658 1575 814 1656 πράγματ’
836 1576 901 1655 ἔχει
923 1578 974 1641 καὶ
995 1579 1099 1642 πολλὰ
1119 1571 1280 1658 προεῖται,
1304 1575 1393 1658 ὅμως
1415 1577 1514 1656 ἔστιν,

346 1702 404 1766 ἐὰν
427 1699 518 1780 ὑμεῖς
535 1699 575 1763 τὰ
597 1699 715 1762 δέοντα
735 1701 840 1762 ποιεῖν
864 1698 1039 1778 βούλησθε,
1063 1697 1109 1763 ἔτι
1130 1697 1349 1763 πάνταταῦτα
1378 1697 1517 1774 ἐπανορ-

345 1821 515 1886 Θώσασθαι
538 1813 605 1883 dixi
631 1814 828 1904 generaliter
853 1830 1003 1904 spectare
1022 1815 1066 1882 ad
1098 1815 1289 1904 palmarem
1315 1813 1409 1882 illam
1432 1833 1512 1880 sen-

342 1937 482 2006 tentiam
507 1961 528 2006 a
552 1939 781 2012 Demosthene
804 1937 840 2006 in
863 1939 930 2008 fine
953 1937 1116 2006 orationis
1140 1937 1288 2029 positam
1310 1959 1326 2000 ο
1355 1934 1513 2004 dimicate

344 2083 407 2150 pro
430 2061 559 2152 patriae
582 2060 770 2130 libertate»
794 2061 912 2150 eisque
941 2061 1045 2130 totius
1075 2060 1240 2131 orationis
1262 2058 1427 2129 contineri
1454 2039 1513 2126 ar-

342 2203 555 2275 gumentum.
584 2184 703 2273 ltaque
728 2184 763 2252 in
786 2184 872 2252 duas
891 2199 1004 2274 partes
1023 2183 1185 2252 dividitur
1199 2182 1319 2252 oratio.
1347 2181 1514 2268 Quarum

342 2307 455 2398 priore
474 2307 502 2396 (ἕ
518 2307 610 2394 8-46)
634 2306 881 2375 Demosthenes
909 2307 1093 2375 adumbrat
1116 2307 1318 2397 periculum,
1344 2306 1388 2373 ad
1418 2305 1512 2396 quod

341 2432 578 2523 depellendum
608 2431 835 2503 Athenienses
854 2448 904 2500 est
931 2433 1174 2516 concitaturus,
1204 2431 1435 2500 miserrimam
1458 2430 1511 2498 vi-

154 2541 161 2564 ⁸
213 2557 214 2560 ’
259 2647 260 2650 ¹
339 2557 458 2627 delicet
476 2554 688 2624 Graecorum
702 2555 951 2644 condicionem,
971 2557 1054 2624 illud
1073 2557 1189 2624 «advo
1203 2559 1339 2639 φαύλως
1355 2557 1395 2622 τὰ
1410 2555 1512 2636 πράγ-

340 2701 423 2759 ματα
445 2679 509 2760 ἔχει
525 2703 562 2746 a:
588 2680 692 2747 altera
711 2679 742 2768 (ξ
762 2679 889 2765 47-70),
919 2673 1000 2748 cum
1026 2679 1119 2785 quod
1152 2700 1191 2746 ex
1217 2676 1319 2745 rebus
1350 2673 1513 2764 expositis

233 2801 234 2804 ’
338 2797 566 2887 colligendum
590 2800 652 2868 sibi
677 2801 810 2870 videtur
833 2802 931 2870 idad
954 2823 1095 2872 causam
1116 2821 1204 2889 quae
1227 2798 1338 2887 agitur
1360 2797 1429 2864 iam
1457 2819 1510 2864 re-

337 2922 434 3006 ferat,
460 2923 597 3014 exponit
621 2923 703 3013 quid
727 2923 921 2992 faciendum
947 2924 1008 3012 sit,
1045 2942 1083 2992 ut
1112 2921 1304 3012 periculum
1329 2922 1509 3010 propulse-

94 3139 95 3144 ἵ
215 3061 220 3072 ’
320 3060 393 3138 ιυτ
416 3044 469 3132 (τὰ
491 3047 608 3114 δέοντα
629 3047 762 3134 ποιεῖν).
800 3030 917 3134 Atque
939 3045 1027 3115 hanc
1056 3043 1105 3113 rei
1135 3043 1354 3136 gravissimae
1386 3053 1510 3111 tracta·

163 3155 164 3158 '
246 3167 248 3170 ’
303 3165 462 3238 ¹tionem
489 3163 681 3255 bipertitam
705 3188 785 3236 cum
811 3167 948 3237 Libanii
969 3185 1183 3262 argumento,
1205 3169 1298 3260 quod
1321 3171 1364 3238 ad
1387 3171 1506 3256 desen-

304 3290 306 3292 ’
336 3288 484 3356 dandam
509 3287 711 3356 sententiam
736 3311 835 3358 suam
858 3291 968 3358 attulit
991 3290 1196 3375 Schultzius,
1226 3295 1421 3364 «Φιλίππου
1425 3347 1507 3364 ......

336 3412 425 3497 λόγῳ
448 3413 506 3491 μὲν
530 3410 661 3492 εἰρήνην
683 3411 831 3492 ἄγοντος,
854 3415 940 3502 ἔργῳ
963 3417 1000 3480 δὲ
1014 3416 1119 3482 πολλὰ
1141 3415 1341 3496 ἀδικοῦντος,
1364 3422 1507 3498 συμβου-

335 3531 422 3597 λεύει
450 3535 522 3609 τοῖς
537 3528 721 3612 Ἀθηναίοις
743 3532 762 3598 ὁ
785 3533 892 3613 ῥήτωρ
909 3533 1089 3616 ἀναστῆναι
1104 3539 1156 3601 καὶ
1172 3535 1354 3616 ἀμύνασθαι
1370 3539 1428 3604 τὸν
1451 3542 1507 3619 βα-

335 3652 439 3730 σιλέα,
463 3653 510 3729 og
531 3651 684 3717 κινδύνου
709 3653 849 3732 μεγάλου
872 3655 923 3720 καλ
946 3654 1058 3734 αὐτοῖς
1075 3655 1328 3737 ἐπικρεμαμένου
1351 3660 1403 3724 καὶ
1424 3662 1505 3725 πᾶσι

333 3776 425 3854 κοινῇ
448 3773 519 3848 τοῖς
537 3767 690 3850 Ἕλλησιν
712 3792 730 3834 ν
758 3768 887 3861 optime
905 3794 1091 3863 congruere
1113 3773 1207 3842 haud
1229 3773 1363 3845 difficile
1386 3794 1436 3844 est
1459 3776 1504 3846 ad

219 3871 220 3874 ¹
331 3887 608 3980 intellegendum.
638 3891 757 3982 ltaque
780 3892 954 3964 Schultzio
980 3918 1049 3963 non
1072 3918 1273 3966 concessum
1292 3898 1356 3966 fuit
1381 3915 1421 3968 ex
1441 3901 1502 3972 Li-

331 4010 423 4079 banii
444 4011 556 4080 verbis
580 4012 708 4103 aliquid
733 4038 863 4106 cogere,
881 4017 975 4106 quod
994 4040 1075 4087 cum
1090 4042 1126 4087 re
1141 4020 1215 4112 ipsa
1229 4038 1406 4112 pugnaret.
1429 4025 1502 4092 Nec

329 4153 410 4201 vero
435 4135 528 4223 quod
553 4135 786 4206 Rehdantzius
811 4140 942 4228 putavit
963 4139 1047 4209 illud
1066 4150 1219 4226 πολεμεῖν
1245 4149 1295 4212 δεῖ
1325 4145 1501 4234 usquead

330 4256 405 4342 §36
423 4257 559 4326 tractari
578 4274 610 4326 et
642 4258 688 4328 ita
719 4261 990 4352 propositionem
1016 4262 1071 4354 §7
1099 4265 1298 4336 collocatam
1327 4268 1371 4335 ad
1396 4269 1500 4339 finem

326 4399 401 4444 esse
420 4380 632 4469 perductam,
658 4381 693 4450 id
719 4385 788 4450 ullo
813 4386 917 4452 modo
940 4385 1120 4455 ferendum
1144 4363 1204 4456 esi.
1245 4389 1407 4479 Namque
1426 4391 1500 4458 bel-
