3628 5272
943 365 976 376 .-
994 339 1029 392 44
1047 369 1079 378 -

423 457 611 549 probabilis
633 473 685 526 est
711 457 905 526 coniectura
935 459 1028 528 hunc
1064 459 1300 549 Eurylochum
1331 483 1405 529 esse
1436 463 1596 552 eundem,

423 601 528 670 quem
550 597 628 672 post
652 579 802 672 Philippi
828 581 1166 672 mortemsupplicio
1194 581 1352 650 affectum
1392 607 1464 652 esse
1494 585 1597 653 lusti·

424 727 490 772 nus
518 704 604 792 Xll,
640 705 660 772 6
699 702 885 772 memoriae
923 681 1049 794 prodit.
1087 704 1353 774 Parmenionem
1383 722 1498 775 autem
1524 708 1599 776 »hoc

423 840 578 916 tempore
601 825 636 895 in
662 826 805 895 Euboea
828 825 932 895 luisse
966 825 1045 894 inde
1076 826 1257 917 colligitur,
1292 828 1385 916 quod
1422 827 1600 922 Carystius

423 948 531 1038 (apud
556 949 777 1018 Athenaeum
799 949 864 1037 XI,
890 971 925 1038 p.
950 947 1014 1018 506
1036 963 1068 1016 et
1090 949 1168 1035 508)
1184 949 1274 1019 'Orei
1299 973 1378 1018 eum
1402 951 1505 1020 tradit
1525 954 1599 1020 Eu-

423 1071 593 1157 phraeum
615 1071 834 1140 interfecisse.
860 1070 929 1143 Sed
955 1072 1048 1161 quod
1072 1071 1271 1140 Voemelius
1296 1073 1599 1144 Demosthenicum

423 1193 487 1262 loci
516 1211 631 1262 ortum
662 1192 837 1262 affirmans
870 1209 1043 1263 oratorem
1079 1193 1265 1262 arbitratur
1298 1194 1484 1264 nominatis
1521 1214 1600 1266 ante

423 1315 532 1384 tribus
551 1316 616 1385 illis
635 1317 789 1410 tyrannis
809 1335 847 1386 ut
865 1317 949 1387 illud
968 1321 1030 1404 big»
1042 1319 1077 1387 in
1097 1319 1249 1386 secundo
1269 1319 1427 1388 membro
1447 1319 1599 1410 positum

423 1438 603 1530 explicaret
639 1441 742 1510 etiam
780 1439 909 1508 ducum
950 1439 1261 1531 nomina—quod
1284 1441 1359 1508 sine
1397 1443 1465 1510 ulla
1494 1463 1599 1510 causa

423 1560 617 1632 Schultzius
649 1585 719 1638 non
752 1579 886 1631 tantum
919 1563 1113 1632 interfuisse
1151 1563 1325 1632 contendit
1347 1603 1390 1620 --
1408 1568 1599 1634 necessario

422 1683 527 1752 fuisse
550 1685 747 1772 allaturum,
773 1684 808 1753 id
831 1700 986 1776 optatum
1004 1685 1113 1776 magis
1136 1706 1242 1774 quam
1262 1685 1370 1753 firmis
1389 1685 1599 1775 argumentis

423 1806 562 1896 probari
585 1829 686 1897 posse
710 1807 854 1876 videtur.
884 1808 1001 1896 Atque
1035 1807 1099 1875 hoc
1123 1807 1213 1875 idem
1238 1807 1384 1896 quadrat
1406 1807 1440 1874 in
1464 1807 1600 1879 Schult-

422 1930 529 2018 zium,
558 1930 612 1999 cui
636 1917 819 1999 verisimile
839 1947 890 1998 est
916 1931 1186 1999 Demosthenem
1205 1930 1261 1998 hic
1281 1931 1471 2001 orationem
1496 1931 1599 2000 abru-

423 2053 526 2145 pisse,
554 2072 592 2124 ut
613 2057 657 2126 ad
677 2079 730 2124 res
749 2055 929 2126 Oritarum
948 2055 1159 2124 enarrandas
1177 2054 1337 2124 transiret
1358 2078 1437 2124 cum
1457 2072 1595 2148 pergat:

422 2181 476 2244 καὶ
496 2181 526 2244 τί
547 2183 599 2264 Ιδεῖ
618 2181 659 2245 τὰ
677 2183 782 2248 πολλὰ
805 2182 928 2264 λέγειν;
1297 2172 1299 2180 ’
1535 2265 1538 2269 .

470 2298 566 2366 Haec
589 2299 671 2368 satis
696 2301 888 2370 dictasunt
914 2302 956 2370 de
982 2303 997 2390 ξ
1020 2303 1073 2370 58.
1102 2302 1339 2370 Transeamus
1364 2302 1433 2371 iarn
1456 2304 1504 2378 ,ad
1541 2325 1597 2372 re-

423 2421 516 2510 liqua
539 2421 735 2492 omissionis
760 2425 926 2516 exempla.

467 2541 485 2630 ξ
505 2551 543 2616 2.
566 2547 652 2624 τινὲς
676 2546 743 2626 μέν,
764 2547 925 2628 ὧᾶνδρες
935 2546 1113 2630 Ἀθηναῖοι,
1132 2552 1168 2617 ἐν
1188 2547 1240 2629 οῖς
1258 2551 1487 2631 εὐδοκιμοῦσιν
1505 2549 1598 2624 αὐτοὶ

422 2667 474 2732 καὶ
496 2667 659 2746 δύνανται,
679 2670 779 2733 ταῦτα
802 2666 1024 2748 φυλάττοντες
1047 2668 1200 2748 οὐδεμίαν
1221 2670 1294 2749 περὶ
1315 2673 1382 2736 τῶν
1410 2669 1598 2749 μελλόντων

422 2786 582 2864 πρόνοιαν
611 2785 756 2864 ἔχουσιν,
783 2785 919 2869 [οὐκοῦν
933 2784 1002 2852 οὐδ’
1023 2787 1108 2866 ὑμᾶς
1130 2787 1257 2853 οἴονται
1279 2791 1348 2852 δεῖν
1371 2786 1476 2868 ἔχειν]
1494 2788 1598 2866 ἕτερον

421 2907 459 2972 δὲ
480 2909 545 2972 κτλ.
571 2903 746 2972 Facillime
775 2901 846 2970 fieri
881 2901 1013 2993 potuit,
1047 2919 1085 2970 ut
1111 2903 1223 2972 scriba
1250 2925 1387 2972 versum
1421 2903 1518 2972 uncis
1542 2904 1596 2972 in-

386 3083 390 3092 .
421 3024 556 3093 clusum
579 3027 860 3117 praetermitteret
883 3043 916 3095 et
938 3027 1106 3096 vocabulo
1129 3033 1235 3112 ἕτεροι
1258 3051 1402 3120 pergens
1425 3045 1541 3098 tamen
1561 3051 1598 3096 se

422 3168 503 3214 eum
525 3147 701 3239 scripsisse
724 3151 934 3240 opinaretur,
959 3173 1039 3219 cum
1059 3149 1136 3218 finis
1156 3173 1277 3220 eorum
1300 3151 1485 3221 verborum
1509 3173 1598 3240 quae

422 3290 501 3337 vere
527 3270 661 3362 scripsit
682 3272 883 3363 praesertim
907 3295 987 3342 cum
1013 3275 1220 3365 compendio
1250 3275 1308 3342 illo
1344 3287 1375 3363 8
1402 3297 1466 3366 pro
1490 3280 1528 3344 οὐ
1561 3272 1596 3341 in

420 3391 498 3462 cod.
520 3394 759 3485 [saepissime
777 3395 932 3464 adhibito
951 3399 1001 3484 (v.
1022 3396 1189 3466 Voemelii
1200 3397 1270 3466 tab.
1292 3397 1392 3465 litter.
1409 3397 1458 3466 N⁰
1475 3399 1522 3485 Α,
1536 3399 1592 3484 3);

421 3519 772 3606 προνιΟΙΑΝΕΧῌΕΙΝ
811 3517 947 3585 omissis
989 3522 1123 3613 olovrutl
1146 3521 1358 3589 ΔΕΙΝΕΧΕΙΝ
1399 3515 1595 3596 simillimus

424 3637 479 3706 sit.
522 3624 803 3729 lpsa'sententia
841 3639 976 3711 videtur
1009 3640 1187 3708 Voemelio
1220 3639 1359 3730 frigida,
1391 3662 1453 3708 nec
1480 3655 1595 3708 tamen

422 3760 525 3828 adicit
545 3782 684 3830 causam
705 3762 830 3848 curita
849 3763 984 3851 sentiat,
1010 3763 1159 3853 itemque
1174 3762 1348 3835 Schultzio
1367 3763 1485 3832 futilis.
1510 3764 1595 3850 Qua

422 3882 477 3950 hic
504 3884 651 3952 nimium
668 3883 720 3953 ait
743 3885 791 3954 eis
817 3885 932 3970 tribui,
960 3909 1047 3977 quos
1072 3887 1253 3956 defuturo
1277 3887 1378 3978 plane
1407 3909 1477 3956 non
1501 3886 1594 3976 cogi-

421 4019 493 4072 tare
516 4023 632 4112 orator
655 4009 808 4077 dicturus
831 4009 944 4098 luerit,
970 4010 1170 4101 praesertim
1195 4032 1274 4080 cum
1299 4011 1375 4080 ideo
1406 4033 1451 4078 ne
1482 4011 1594 4078 Athe-

422 4131 598 4202 niensibus
623 4134 761 4223 quidem
781 4134 888 4205 futuri
907 4135 1076 4204 rationem
1094 4134 1290 4202 habendam
1307 4156 1380 4202 esse
1398 4131 1593 4223 opinentur,

423 4257 516 4346 quod
541 4257 606 4349 ipsi
630 4259 664 4326 id
693 4281 762 4328 non
796 4257 933 4346 saciant,
968 4260 1028 4327 sed
1058 4281 1120 4326 sua
1148 4274 1283 4327 tantum
1313 4272 1455 4325 curent:
1493 4271 1596 4346 atque

334 4424 338 4431 ‚
422 4379 508 4448 nihil
532 4381 596 4449 nisi
620 4381 685 4450 hoc
709 4381 975 4450 Demosthenem
999 4382 1043 4450 ad
1068 4379 1301 4473 depingendus
1333 4379 1472 4448 illorum
1502 4385 1594 4466 χαρί-
