3628 5272
613 594 858 686 ontnnstro
883 596 1088 689 carrica

827 800 865 838 DE

363 937 661 996 DEMOSTHENIS
680 937 896 998 ORATIONE
918 938 1155 998 PHILIPPICA
1173 940 1331 1024 TERTIA

303 1393 445 1464 Constat
467 1410 576 1463 artem
598 1395 747 1464 criticam
774 1397 810 1465 in
842 1397 1072 1466 Demosthene
1095 1400 1302 1469 recensendo
1327 1402 1424 1472 Iacti-

259 1535 364 1588 tatam
390 1518 505 1590 codice
531 1518 714 1589 Parisiensi
737 1523 763 1586 Σ
785 1538 919 1612 reperto
939 1544 1028 1590 nova
1047 1523 1217 1612 quaedam
1237 1539 1269 1591 et
1283 1548 1426 1616 prorsus

260 1645 411 1713 inaudita
429 1643 557 1735 cepisse
580 1645 800 1714 incrementa.
822 1644 888 1714 Cui
907 1644 995 1714 libro
1014 1669 1093 1714 cum
1113 1647 1196 1737 quid
1215 1647 1294 1716 fidei
1318 1673 1425 1740 quan-

258 1785 401 1860 tumque
423 1769 600 1860 dignitatis
625 1769 668 1838 sit
699 1770 920 1839 tribuendum
941 1791 1065 1862 magna
1088 1770 1176 1840 inter
1196 1771 1288 1841 viros
1308 1775 1426 1846 doctos

261 1892 304 1961 sit
330 1893 513 1982 dissensio,
540 1911 614 1962 tum
645 1871 814 1984 quaenam
847 1894 934 1962 inter
964 1916 1044 1963 eum
1077 1894 1294 1986 reliquosque
1321 1898 1427 1968 libros

259 2041 364 2088 manu
379 2019 522 2110 scriptos
550 2017 734 2087 intercedat
755 2017 840 2086 ratio
871 2033 903 2086 et
922 2040 1028 2108 quam
1051 2017 1105 2086 ille
1128 2040 1207 2088 cum
1225 2019 1278 2090 his
1303 2021 1427 2092 habeat

258 2142 539 2211 communitatem
573 2141 878 2232 cognationemque
908 2141 943 2210 in
975 2140 1219 2232 disceptatione
1256 2161 1424 2216 versatur.

262 2266 398 2336 Etenim
427 2266 581 2358 plerique
605 2265 712 2336 codici
736 2269 761 2332 Σ
791 2266 924 2335 decimo
945 2267 1081 2334 saeculo
1107 2265 1142 2336 in
1170 2267 1257 2336 Asia
1291 2269 1427 2340 minore

259 2390 384 2482 scripto
419 2393 545 2460 miram
580 2391 756 2481 quandam
792 2406 894 2480 atque
928 2390 1133 2482 singularem
1171 2392 1427 2484 adscripserunt

260 2515 514 2606 praestantiam,
548 2513 605 2602 ita,
636 2531 671 2582 ut
695 2511 728 2583 in
756 2536 893 2583 summo
913 2514 981 2582 iam
1005 2530 1037 2582 et
1062 2516 1160 2604 quasi
1191 2515 1341 2585 nubibus
1365 2541 1423 2588 ve-

260 2641 326 2710 lato
349 2637 563 2731 perfectionis
581 2638 726 2730 fastigio,
751 2639 795 2707 ad
819 2639 911 2728 quod
933 2639 1047 2706 nullus
1070 2655 1157 2708 esset
1179 2632 1305 2724 aditus,
1332 2641 1425 2711 vide-

260 2781 353 2834 retur
370 2763 585 2832 constitutus.
621 2762 759 2830 Primus
793 2784 871 2829 vero
897 2761 1149 2871 {lehdantzium
1177 2779 1212 2830 ut
1239 2762 1423 2856 inexplica-

260 2888 361 2958 bilem
393 2909 501 2979 paene
531 2901 718 2955 removeret
750 2886 1014 2955 disiunctionem
1047 2886 1134 2956 inter
1167 2888 1321 2958 codicem
1345 2894 1371 2957 Σ
1393 2907 1425 2960 et

260 3011 413 3101 reliquos,
438 3009 542 3079 libros
566 3008 702 3098 saetam,
728 3032 802 3078 esse
822 3031 938 3078 revera
957 3010 1114 3100 exposuit
1137 3028 1228 3080 certa
1251 3014 1422 3103 quaedam

261 3152 293 3204 ct
309 3136 474 3219 destinata
496 3131 743 3202 coniunctionis
774 3131 909 3202 vincula
931 3149 963 3201 et
992 3133 1128 3203 firmam
1152 3135 1224 3226 ipse
1247 3139 1427 3228 proposuit
1488 3142 1493 3145 ’

259 3259 413 3329 codicum
431 3257 749 3350 distinguendorum
768 3273 801 3325 et
819 3256 1096 3338 ordinandorum
1119 3259 1299 3348 rationem,
1318 3282 1424 3350 quam

260 3387 311 3453 vel
333 3383 528 3452 Voemelius
552 3381 602 3471 (in
626 3402 753 3451 recens.
771 3379 1016 3449 dissertationis
1040 3380 1204 3452 Schultzii
1235 3383 1308 3450 «de
1329 3384 1424 3456 codi-

259 3505 355 3575 cibus
391 3503 598 3595 quibusdam
637 3501 906 3572 Demosthenicis
941 3505 984 3572 ad
1022 3503 1212 3571 orationem
1243 3503 1333 3574 Phil.
1367 3505 1421 3574 III
1470 3483 1473 3494 Ι

262 3629 416 3698 nondum
450 3627 610 3696 adhibitis
631 3655 646 3690 n
675 3626 709 3695 in
748 3654 763 3690 α
791 3625 954 3696 Zeitschr.
980 3626 1006 3696 f.
1037 3626 1072 3694 d.
1097 3624 1382 3718 Gymn.-Wesen
1404 3657 1419 3692 n
1453 3641 1458 3650 ·

264 3756 357 3837 1860,
382 3777 416 3844 p.
441 3754 538 3840 413),
573 3751 758 3820 acerrImus
789 3750 945 3820 codicum
977 3749 1323 3820 Demosthenicorum
1355 3752 1424 3820 exi·

260 3877 426 3963 stimator,
451 3875 562 3943 facere
585 3897 654 3943 non
682 3873 792 3966 potuit
828 3874 911 3964 quin
947 3891 1089 3942 assensu
1113 3896 1176 3942 suo
1204 3874 1304 3965 plane
1328 3897 1424 3944 com-

259 4000 429 4092 probaret.
450 4001 538 4068 Tres
560 3997 661 4090 igitur
679 3998 726 4067 ait
748 3998 802 4068 ille
830 3997 880 4087 (in
893 3977 1012 4067 'Iahnii
1033 3997 1164 4066 Annal.
1200 3997 1300 4089 phil,
1327 4001 1423 4090 1857,

261 4150 296 4217 p.
327 4126 482 4214 813-827)
510 4145 582 4192 esse
609 4147 673 4212 res,
700 4123 825 4214 quibus
845 4123 903 4214 qui
930 4123 1052 4214 cuique
1076 4122 1164 4192 libro
1181 4145 1284 4191 manu
1302 4123 1427 4214 scripto

261 4251 294 4318 in
314 4249 470 4318 codicum
490 4271 636 4320 numero
655 4249 789 4317 dandus
819 4249 862 4317 sit
885 4235 979 4316 locus
1005 4247 1242 4331 constituatur,
1272 4246 1425 4338 primum

263 4373 456 4444 orationum
470 4396 556 4463 quas
575 4374 744 4444 contineat
764 4393 995 4444 numerumet
1010 4372 1177 4462 ordinem,
1195 4373 1317 4442 deinde
1336 4394 1428 4441 com·
