3628 5272
842 383 875 392 -
891 349 927 408 35
948 379 981 390 ..

321 472 410 564 signi
431 472 519 540 illius
543 479 589 558 ὡς
617 475 825 557 ἀμυνούμεθα
842 471 1062 540 collocatione
1081 470 1161 539 satis
1180 489 1333 562 apparet.
1357 472 1493 540 Etenim

319 593 352 662 si
370 615 503 682 omnes,
526 592 647 683 inquit,
663 592 699 662 iu
718 616 758 662 eo
774 593 1043 662 consentiremus
1064 591 1265 684 Philippum
1283 616 1399 684 gerere
1416 593 1491 663 bel-

322 718 396 785 lum
409 739 489 787 cum
501 715 674 809 republica
689 734 723 786 et
735 738 855 808 pacem
865 717 1004 797 violare,
1016 714 1098 785 nihil
1113 715 1206 784 aliud
1224 733 1395 785 oratorem
1411 739 1492 785 sua-

231 877 233 882 ·
320 841 402 910 dere
422 842 601 930 oportebat
618 863 725 931 quam
744 863 815 929 quo
835 857 934 932 pacto
954 843 1059 928 (ὅπως
1088 840 1103 928 §
1135 840 1169 926 6)
1190 839 1288 908 illum
1312 841 1491 910 ulciscere-

322 985 420 1031 mur:
442 986 532 1031 nunc
551 986 633 1032 vero
651 964 702 1032 vel
723 963 787 1032 hoc
810 963 1042 1054 periculosum
1062 978 1112 1030 est
1135 985 1268 1054 rogare,
1292 981 1330 1032 ut
1352 965 1433 1054 (thel
1446 962 1491 1032 ab

317 1085 378 1154 illo
408 1085 644 1155 defendamus.
679 1087 754 1155 lam
787 1086 852 1154 alia
880 1083 1044 1157 Schultzii
1076 1085 1254 1156 obiectatio
1284 1103 1410 1173 spectat
1446 1086 1491 1155 ad

320 1209 570 1280 enuntiationes
606 1214 677 1281 ἔστι
697 1211 760 1292 γάρ
797 1213 873 1290 δέος
904 1209 964 1276 rel.
991 1224 1023 1276 et
1058 1213 1167 1290 ἐπειδὴ
1204 1214 1256 1294 δὲ,
1286 1232 1372 1300 quas
1396 1209 1490 1301 quod

314 1349 465 1423 utraque
496 1334 540 1401 ad
570 1328 772 1402 sententiam
804 1330 1005 1418 primariam
1038 1333 1160 1414 ἀνάγκη
1192 1335 1412 1415 φυλάττεσθαι
1438 1338 1490 1401 καὶ

318 1461 532 1537 διορθοῦσθαι
551 1459 625 1538 περὶ
645 1457 772 1523 τούτων
796 1455 963 1546 pertineat
983 1470 1015 1522 et
1039 1454 1132 1543 quod
1156 1469 1300 1542 utraque
1323 1437 1489 1522 sententia

320 1576 409 1645 idem
420 1577 489 1645 fere
499 1594 633 1646 tantum
650 1600 717 1646 non
732 1577 859 1647 eisdem
875 1577 987 1647 verbis
999 1577 1127 1647 dictum
1142 1575 1309 1660 videatur,
1323 1575 1490 1646 existimat

319 1698 539 1767 Demostheni
561 1699 774 1768 nullomodo
793 1723 894 1791 posse
914 1700 1091 1786 imputari:
1114 1699 1272 1768 accedere
1292 1699 1386 1790 quod
1405 1721 1486 1789 pro-

316 1821 407 1888 xime
437 1822 482 1890 ab
508 1822 561 1891 his
595 1821 710 1891 absint
741 1821 927 1906 sententiis,
962 1844 1049 1912 quae
1082 1820 1178 1890 initio
1212 1820 1376 1890 orationis
1404 1825 1433 1914 (§
1453 1826 1487 1910 2)

314 1946 424 2014 dictae
444 1947 522 2034 sint,
557 1947 661 2016 verba
695 1964 827 2017 oratore
856 1947 1013 2016 omnium
1036 1945 1328 2038 praestantissimo
1355 1946 1487 2038 dignis-

314 2071 424 2138 sima:
450 2073 553 2152 ἕτεροι
575 2075 611 2139 δὲ
633 2072 715 2151 τοὺς
733 2073 785 2139 ἐπὶ
806 2077 877 2153 τοῖς
897 2073 1081 2155 πράγμασιν
1103 2071 1202 2152 ὄντας
1230 2071 1413 2153 αἰτιώμενοι
1434 2081 1487 2144 καὶ

315 2194 545 2274 διαβάλλοντες
567 2195 664 2259 οὐδὲν
687 2192 769 2258 ἄλλο
790 2197 942 2258 ποιοῦσιν
966 2193 986 2271 ἢ
1016 2191 1107 2270 ὅπως
1128 2193 1148 2270 ἡ
1180 2192 1274 2272 πόλις
1292 2197 1366 2274 παρ’
1387 2199 1487 2277 αὐτῆς

311 2314 405 2392 δίκην
429 2314 566 2393 λήψεται
583 2315 635 2378 καὶ
655 2315 729 2392 περὶ
750 2313 837 2378 τοῦτ’
858 2313 950 2381 ἔσται
972 2317 1037 2380 κτλ.
1060 2311 1139 2379 Ι-Ιοο
1158 2334 1278 2382 verum
1297 2313 1326 2380 si
1346 2333 1484 2406 reputa-

315 2451 404 2516 mus,
426 2429 612 2498 sententiae
630 2430 674 2498 de
694 2429 819 2518 quibus
838 2429 948 2520 agitur
967 2431 1100 2523 longius
1118 2431 1186 2501 iam
1202 2435 1289 2503 inter
1308 2459 1344 2504 se
1361 2436 1487 2506 distant

309 2574 419 2642 quam
439 2567 545 2633 urea,
567 2572 654 2640 quae
674 2550 689 2637 ξ
708 2551 729 2616 6
748 2553 871 2639 (ἐπειδὴ
895 2558 931 2621 δὲ
951 2553 1025 2640 rel.)
1046 2553 1156 2644 posita
1175 2561 1237 2638 est,
1260 2559 1365 2627 ullam
1385 2560 1485 2629 dubi-

219 2677 225 2690 '
313 2676 476 2743 tationem
497 2695 633 2774 movere
665 2673 784 2775 possit.
808 2677 857 2742 At
876 2674 1027 2762 prolecto
1047 2678 1062 2764 ξ
1086 2677 1106 2743 6
1126 2676 1201 2744 et7
1234 2679 1333 2748 latius
1369 2699 1487 2774 patent

310 2819 419 2886 quam
442 2797 546 2864 verba
575 2796 633 2864 illa
652 2798 668 2885 ξ
686 2797 719 2884 2,
741 2797 867 2866 etenim
902 2820 989 2887 quae
1018 2799 1082 2867 hoc
1111 2800 1185 2869 loco
1210 2804 1367 2872 extremis
1387 2807 1484 2896 quasi

312 2917 525 2988 lineamentis
549 2919 755 2988 adumbrata
778 2938 869 3005 sunt,
891 2944 931 2990 ea
959 2921 1025 2992 illic
1044 2923 1168 2993 clarius
1196 2923 1266 2994 iam
1285 2942 1317 2994 et
1334 2930 1484 3019 apertius

310 3042 549 3132 praedicantur
572 3060 606 3110 et
634 3044 668 3112 in
697 3043 850 3112 medium
876 3045 1108 3134 proferuntur.
1135 3047 1233 3116 Idem
1251 3048 1320 3119 fere
1339 3053 1485 3141 quadrat

311 3166 346 3233 in
366 3164 511 3232 alterum
542 3164 627 3233 illud
647 3166 862 3234 enuntiatum
894 3191 915 3236 a
946 3167 1120 3239 Schultzio
1145 3172 1390 3261 reprehensum
1413 3181 1482 3246 ἔστι

307 3290 372 3370 γὰρ
394 3291 472 3368 δέος
489 3290 607 3370 μήποθ’
629 3291 675 3370 ue
698 3291 906 3373 ἀμυνούμεθα
928 3297 994 3358 κτλ.
1028 3294 1122 3362 Nam
1154 3315 1233 3362 cum
1265 3297 1379 3387 priore
1402 3321 1480 3368 sen-

310 3406 413 3488 tentia
432 3408 467 3475 id
485 3423 620 3476 tantum
640 3406 771 3477 dicatur
794 3438 809 3473 «
830 3413 986 3482 nonnulli
1006 3431 1085 3484 sunt
1103 3433 1175 3486 tam
1194 3418 1297 3502 stulti,
1319 3436 1357 3487 ut
1372 3421 1483 3491 ferant
1534 3487 1537 3494 .

271 3565 277 3572 ·
311 3530 468 3600 homines
501 3531 535 3600 in
565 3531 781 3602 contionibus
818 3535 964 3605 subinde
993 3539 1179 3628 dictantes,
1215 3557 1372 3611 nostrum
1409 3568 1481 3616 esse

308 3654 493 3743 quosdam,
520 3655 579 3745 qui
598 3655 726 3725 bellum
759 3657 993 3750 excitemus»,
1014 3663 1119 3731 altera
1156 3665 1379 3736 «verendum
1416 3690 1477 3758 est,

310 3797 352 3844 ne
371 3775 468 3866 quis,
482 3776 542 3847 ubi
568 3776 737 3869 rogaverit
758 3795 791 3848 et
816 3783 970 3873 suaserit,
993 3801 1030 3854 ut
1052 3787 1161 3877 patria
1180 3787 1224 3857 ab
1243 3789 1397 3859 hostibus
1417 3793 1477 3860 de-

308 3897 478 3987 fendatur,
501 3898 536 3968 in
567 3900 696 3970 crimen
728 3903 859 3974 excitati
882 3906 961 3976 belli
984 3908 1148 3998 veniat»,
1183 3933 1238 3979 res
1268 3911 1341 3980 sine
1372 3913 1479 3983 dubio

307 4022 507 4112 gravissima
526 4023 681 4094 adicitur.
716 4026 760 4094 Et
783 4050 851 4117 qua
869 4030 1010 4098 tandem
1035 4052 1071 4101 re
1089 4033 1255 4124 cogimur,
1278 4051 1316 4101 ut
1333 4037 1478 4106 oratoris

308 4146 411 4214 verba
430 4162 501 4214 tam
520 4147 632 4240 inepte
651 4171 755 4239 quam
783 4149 976 4223 Schultzius
1001 4175 1199 4246 premamus
1226 4138 1344 4249 eisque
1361 4178 1477 4230 ortum

308 4267 612 4340 Demosthenicum
648 4271 903 4344 abiudicemus?
945 4277 1088 4346 Talibus
1121 4280 1213 4349 enim
1252 4281 1378 4371 quibus
1421 4281 1477 4354 ille

305 4391 429 4461 ductus
454 4393 566 4463 causis
588 4417 689 4463 nemo
709 4418 865 4504 unquam
894 4400 1062 4489 dubitavit
1084 4403 1169 4491 quin
1195 4406 1299 4474 verba
1330 4405 1346 4493 ξ
1364 4411 1385 4478 6
1404 4423 1436 4475 et
1454 4409 1478 4475 t
