3628 5272
774 378 808 390 ..
826 346 860 404 17
875 375 909 388 -

258 491 363 563 quam
386 468 555 540 rationem
579 467 595 556 ξ
617 469 658 538 65
681 467 819 536 subesse
842 465 1076 555 exposuimus,
1097 466 1217 550 eadem
1236 465 1337 536 etiam
1359 469 1424 538 hoc

259 597 332 665 loco
355 615 426 664 non
452 592 621 663 minorem
645 592 746 662 habet
770 591 917 684 speciem
940 591 1023 660 veri.
1052 592 1172 682 Itaque
1190 591 1337 663 dubitari
1354 616 1424 662 non

258 717 393 810 poterit,
425 716 508 807 quin
537 715 781 808 grammaticus
811 715 971 806 quidam,
996 737 1076 785 cum
1100 737 1186 806 quae
1222 733 1300 809 post
1337 717 1425 786 facta

258 859 337 912 sunt
362 840 646 930 reminisceretur,
671 841 774 910 verba
801 841 857 913 illa
881 863 944 910 sua
969 840 1107 938 quidem
1127 843 1292 913 sententia
1308 863 1423 911 rerum

256 973 443 1046 conditioni
466 973 595 1065 optime
617 971 851 1076 convenientia
874 971 1054 1043 addiderit.
1078 973 1239 1064 Sequitur
1263 973 1363 1066 igitur
1387 989 1425 1042 ut
1470 963 1472 976 ⁴

257 1099 530 1169 additamentum
554 1096 711 1188 quamvis
735 1119 804 1166 una
837 1097 943 1166 adiuti
966 1096 1091 1167 codicis
1123 1101 1149 1165 Σ
1179 1097 1376 1168 auctoritate
1405 1119 1423 1166 e

257 1238 348 1293 textu
373 1222 549 1313 eiciamus.

305 1346 355 1416 10.
382 1348 506 1436 Neque
529 1343 626 1414 aliter
648 1343 782 1413 videtur
807 1317 879 1414 esse
913 1342 1136 1414 iudicandum
1167 1343 1210 1413 de
1246 1360 1422 1416 oratorum

258 1468 455 1540 nominibus
480 1468 496 1558 ξ
519 1471 563 1543 72
582 1469 616 1538 in
635 1469 736 1562 Vulg.
762 1468 843 1538 edit.
870 1467 1022 1557 servatis,
1045 1491 1131 1559 quos
1154 1467 1355 1560 Spengelius
1374 1471 1420 1557 (u.

173 1631 176 1636 ·
257 1594 317 1665 lib.
343 1594 415 1664 eius
438 1617 470 1664 a.
499 1598 581 1666 1839
604 1617 668 1664 scr.
694 1617 730 1686 p.
761 1596 840 1681 1883
864 1617 896 1664 a.
929 1597 1010 1666 1860
1034 1613 1098 1662 scr.
1129 1616 1164 1684 p.
1188 1592 1243 1681 72)
1266 1591 1311 1660 ab
1345 1593 1420 1683 ipso

257 1718 487 1788 Demosthene
505 1703 675 1810 profectos
694 1741 766 1788 esse
785 1732 894 1810 putat.
926 1717 965 1784 ln
990 1715 1106 1786 codice
1121 1714 1212 1786 enim
1226 1719 1252 1784 Σ
1266 1715 1424 1806 leguntur

259 1843 366 1912 haec:
388 1843 421 1912 αἱ
441 1846 559 1925 πέρυσι
582 1845 750 1926 πρεσβεῖαι
771 1842 844 1922 περὶ
865 1841 924 1921 τὴν
949 1841 1210 1921 Πελοπόννησον
1232 1840 1351 1905 ἐκεῖναι
1372 1839 1423 1905 καὶ
1482 1829 1483 1832 “

257 1967 465 2050 κατηγορίαι,
500 1967 540 2045 ἃς
574 1965 638 2043 ἐγὼ
661 1963 712 2029 καὶ
744 1962 952 2041 Πολύευκτος
974 1961 992 2028 ὁ
1016 1963 1181 2045 βέλτιστος
1203 1962 1344 2029 ἐκεινοσὶ
1372 1961 1423 2026 καὶ

256 2089 459 2170 Ἡγήσιππος
480 2089 531 2154 καὶ
554 2085 586 2152 οἱ
606 2083 696 2152 ἄλλοι
722 2085 871 2166 πρέσβεις
901 2083 1129 2165 περιήλθομεν,
1167 2079 1312 2171 Vulgata
1341 2103 1423 2150 vero

257 2224 335 2301 post
354 2208 554 2288 Ἡγήσιππος
572 2201 680 2298 ponit:
701 2207 752 2271 καὶ
775 2205 988 2287 Κλειτόμαχος
1003 2206 1055 2272 καὶ
1071 2205 1268 2287 Λυκοῦργος,
1294 2204 1387 2296 Aug.
1405 2207 1420 2274 l

258 2332 359 2415 Harl.
379 2330 467 2402 Urb.
488 2328 608 2398 eadem
632 2324 773 2396 nomina
797 2324 925 2412 (Rehd.
946 2339 1081 2394 tanturn
1099 2329 1151 2393 καὶ
1168 2329 1336 2411 Λυκοῦγος
1351 2327 1423 2398 sine

257 2459 309 2523 καὶ
332 2453 559 2539 Κλειτόμαχος)
582 2435 746 2518 exhibent
762 2465 839 2540 post
858 2454 1036 2535 βέλτιστος,
1061 2445 1149 2518 Cod.
1176 2448 1297 2519 Dresd.
1320 2451 1423 2522 etiam

256 2574 351 2644 addit
372 2577 425 2642 καὶ
444 2574 626 2657 Ἵππαρχος.
656 2571 760 2659 Quae
783 2572 900 2641 omnia
923 2570 1109 2640 certissime
1131 2572 1279 2663 probant
1308 2575 1422 2644 locum

256 2721 328 2767 esse
351 2695 609 2790 interpolatione
633 2713 784 2784 auctum,
810 2716 915 2786 quarn
946 2695 1052 2787 ipsius
1075 2695 1219 2765 oratoris
1241 2697 1346 2784 verba
1371 2671 1431 2767 m

209 2823 210 2828 ’
257 2825 288 2891 οἱ
308 2823 420 2890 Ι’ἄλλοι
451 2824 603 2905 πρέσβεις
625 2820 747 2888 eodem
785 2821 889 2888 modo
924 2835 1196 2911 provocaverunt
1218 2837 1319 2913 atque
1350 2825 1423 2906 περὶ

256 2947 385 3014 coorta.
409 2943 424 3033 ξ
442 2943 485 3010 29
499 2944 575 3012 coll.
600 2943 941 3036 c.Otynth.11-1,26.
965 2943 1133 3014 Aristocr.
1152 2946 1256 3036 §aba
1281 2947 1423 3018 Brevior

256 3065 379 3135 codicis
405 3069 430 3131 Σ
452 3065 550 3135 lectio
574 3067 732 3137 omnium
754 3090 841 3159 quos
866 3069 1040 3138 Behkerus
1073 3069 1231 3139 adhibuit
1264 3071 1420 3140 codicum

258 3195 291 3259 Β.
315 3191 353 3258 Ω.
380 3198 406 3275 β.
419 3214 448 3269 γ.
462 3190 535 3260 Pal.
557 3194 586 3261 l.
603 3189 708 3260 Vind.
732 3191 762 3260 l.
784 3192 817 3261 3.
837 3194 870 3261 4.
886 3193 990 3284 Aug.
1012 3195 1044 3262 3.
1071 3194 1113 3262 Y.
1137 3193 1243 3262 Harr.
1256 3212 1421 3264 concentu

257 3310 302 3380 ita
327 3311 461 3381 videtur
483 3312 642 3402 stabilita,
668 3328 705 3381 ut
725 3313 856 3383 adiecta
879 3313 1032 3398 nomina,
1058 3338 1145 3405 quae
1170 3317 1360 3402 scholiastis
1378 3358 1422 3370 --

257 3433 291 3503 id
314 3436 407 3526 quod
431 3452 518 3506 recte
541 3436 782 3506 animadvertit
807 3438 1084 3508 Funkhaenelius
1107 3429 1176 3532 (ep.
1202 3457 1286 3532 grat.
1308 3440 1351 3510 ad
1374 3439 1418 3512 G.

259 3569 381 3646 Herm.
409 3568 487 3637 data
517 3569 539 3638 l.
564 3569 622 3639 cit.
647 3591 682 3656 p.
710 3571 766 3660 30)
798 3609 841 3622 --
871 3593 911 3639 ex
943 3571 1210 3641 Atheniensium
1240 3573 1421 3644 annalibus

214 3727 216 3730 ·
256 3714 316 3761 nec
345 3691 459 3761 minus
492 3714 511 3759 e
542 3693 637 3762 libris
670 3700 964 3779 ὑπομνηματιστῶν
998 3696 1301 3767 de'Demosthene
1336 3721 1419 3769 con-

257 3814 390 3906 scriptis
413 3831 493 3885 nota
516 3839 588 3886 esse
611 3832 779 3908 poterant,
798 3832 835 3884 ut
850 3817 966 3908 spuria
985 3819 1096 3888 delere
1112 3819 1194 3889 nihil
1211 3822 1418 3894 dubitemus.

301 3943 418 4033 Atque
442 3943 525 4013 haec
548 3943 711 4012 hactenus
735 3918 777 4011 de
799 3943 1053 4034 additamentis,
1072 3965 1159 4036 quae
1178 3969 1231 4014 res
1249 3947 1422 4017 continent

257 4089 295 4134 ex
327 4064 549 4136 historiarum
586 4067 752 4135 memoria
786 4067 919 4158 petitas.
946 4067 1090 4137 Maioris
1123 4070 1224 4156 etiam
1257 4071 1421 4141 momenti

256 4204 346 4277 sunt,
374 4210 462 4278 quae
486 4189 519 4279 ἓξ
543 4193 563 4260 6
585 4188 652 4272 ετ7
675 4205 706 4258 et
737 4193 752 4281 ξ
783 4189 826 4258 46
845 4190 1075 4260 inveniuntur.
1094 4191 1421 4286 HaecSpengelium

254 4328 373 4402 putare
393 4333 460 4401 qua
482 4310 606 4379 tradita
623 4310 693 4379 'sint
716 4311 828 4380 forma
851 4312 895 4381 ab
920 4313 996 4404 ipso
1020 4315 1249 4385 Demosthene
1268 4318 1420 4386 conlecta

255 4453 327 4502 esse
358 4434 429 4504 iam
459 4453 725 4520 consentaneum
745 4409 816 4505 ests
844 4435 913 4507 Sed
942 4438 1016 4508 fieri
1049 4462 1119 4510 non
1143 4457 1265 4533 potest,
1292 4458 1330 4511 ut
1352 4441 1419 4512 iam

1300 4583 1314 4627 a
