3628 5272
773 395 826 416 ...
844 375 927 433 19..

273 499 326 566 tul
347 497 408 566 οιίκ
429 497 605 581 ὀργιεῖσθες
634 498 686 565 ΕΚ
710 495 795 566 ΤΟΥ
823 496 1120 566 ΓΡΑΜΜΑΤΕΙΟΥ
1148 493 1439 566 ΑΝΑΓΙΓΝΩΣΚΕΙ

272 633 351 710 post
372 618 618 688 correctionem
640 617 734 688 illam
757 617 804 686 ait
826 617 930 686 fuisse
952 617 1109 703 delenda,
1134 617 1195 686 sed
1226 637 1439 708 quamquam

273 765 406 812 novum
429 743 701 813 additamentum
725 764 788 811 suo
810 740 926 812 statim
947 743 1021 811 loco
1052 740 1154 810 fuerit
1185 739 1364 828 insertum,
1390 756 1440 809 ta-

274 893 354 941 men
381 870 486 940 verba
511 869 568 938 illa
590 869 715 938 intacta
748 864 915 936 mansisse
949 880 982 934 et
1012 887 1055 934 ne
1087 863 1216 934 deesset
1247 862 1440 934 coniunctio

274 993 445 1088 quaedam
472 1015 552 1064 cum
586 989 865 1086 praecedentibus
900 988 1055 1058 additum
1090 1009 1164 1058 esse
1187 991 1288 1067 τίνος.
1323 987 1440 1077 Atque

272 1121 356 1190 haec
379 1117 580 1213 Spengelius
602 1138 635 1186 a.
666 1115 767 1207 1839.
784 1115 915 1183 Verum
926 1113 1032 1183 altera
1054 1110 1328 1204 disputationes.
1350 1109 1439 1180 1860

240 1252 242 1254 ’
271 1245 397 1340 scripta
423 1241 589 1313 iudicium
613 1261 717 1310 suum
741 1238 867 1331 partim
889 1235 1049 1308 rescindit
1077 1233 1136 1322 ita,
1166 1252 1204 1304 ut
1221 1255 1437 1327 responsum,

271 1371 367 1462 quod
390 1385 469 1462 post
492 1366 597 1436 verba
619 1367 702 1437 ἀλλὰ
722 1373 793 1449 πῶς
814 1395 851 1418 -
872 1365 1037 1448 ὀργιεῖσθε
1058 1359 1249 1430 necessario
1270 1376 1439 1452 exspecte-

218 1517 232 1558 ,ι
271 1513 339 1584 tur,
366 1514 477 1584 neque
498 1488 670 1561 reticentia
693 1486 844 1578 quadam
863 1507 973 1577 neque
995 1487 1029 1578 ἕξ
1043 1486 1173 1576 54sqq.
1191 1505 1300 1575 neque
1313 1485 1438 1577 scripto

271 1621 331 1690 illo
353 1617 448 1710 quod
466 1614 502 1685 in
525 1614 622 1683 titulo
653 1610 697 1680 sit
726 1626 969 1696 memoratum,
1000 1609 1059 1680 sed
1089 1609 1254 1700 Vulgatae
1282 1607 1439 1678 editionis

271 1742 384 1815 verbis
408 1742 567 1836 opinetur
595 1736 773 1808 contineri.
807 1735 931 1805 Totius
965 1734 1030 1804 loci
1060 1733 1299 1806 confusionem
1327 1751 1437 1804 ortam

271 1889 345 1938 esse
367 1889 408 1938 ex
421 1864 533 1935 verbis
547 1883 728 1958 perperam
742 1859 894 1948 insertis3
918 1880 998 1930 nam
1018 1860 1047 1930 si
1061 1858 1227 1930 scribatur
1249 1858 1332 1927 ἀλλὰ
1351 1864 1437 1946 πῶς

271 1992 363 2072 elnon
381 1991 528 2059 κελεύετε
550 1990 602 2055 καὶ
623 1991 683 2057 οὐκ
704 1987 878 2070 ὀργιεῖσθε
904 1983 1026 2053 deinde
1055 1983 1221 2076 Vulgatae
1242 1982 1346 2053 verba
1368 1980 1439 2050 1στε

273 2113 430 2182 αὐτοί-
455 2111 671 2192 προσδεῖσθαι
693 2105 816 2196 hisque
838 2105 951 2176 statim
973 2105 1103 2175 omisso
1121 2104 1219 2176 titulo
1244 2104 1280 2174 in
1310 2103 1387 2174 cod.
1413 2106 1439 2172 Σ

273 2231 504 2323 adiungantur
525 2231 582 2300 illa
604 2233 675 2301 ἔστι
694 2233 807 2302 τοίνυν
824 2237 904 2318 κτλ,
930 2252 1069 2301 οιινιιειιι
1100 2230 1173 2302 tolli
1207 2225 1436 2300 difficultatem

273 2379 335 2428 nec
360 2355 429 2428 iam
454 2377 528 2425 esse
550 2353 779 2425 necessarium
797 2354 985 2450 peripsum
1008 2372 1180 2428 oratorem
1191 2371 1340 2426 statuere
1358 2375 1436 2424 mu·

271 2497 377 2550 tatam
399 2500 472 2548 esse
495 2475 559 2546 loci
580 2476 798 2548 sententiam:
826 2500 937 2548 unum
955 2478 1137 2548 transitum
1156 2500 1217 2571 per
1234 2476 1438 2571 particulam

269 2606 381 2674 τοίνυν
404 2600 531 2672 facturn
555 2599 733 2670 offensioni
759 2623 843 2670 esse.
867 2599 935 2676 Sed
957 2622 1020 2671 cur
1041 2599 1086 2670 ita
1106 2601 1228 2672 sentiat
1244 2637 1288 2654 -
1303 2619 1341 2671 ut
1358 2601 1437 2673 inde

270 2726 405 2796 initium
429 2724 553 2796 faciam
575 2747 711 2796 -non
735 2724 948 2817 intellegitur.
974 2729 1128 2796 Tantum
1158 2725 1251 2798 enim
1281 2725 1377 2796 abest
1400 2742 1437 2796 ut

269 2855 382 2923 τοίνυν
407 2827 543 2942 semper
564 2850 817 2922 conclusionem
842 2849 1105 2943 significet-id
1120 2852 1213 2944 quod
1236 2850 1436 2944 Spengelius

271 2975 428 3044 hocloco
448 2996 512 3066 pro
535 2991 627 3044 certo
658 2975 792 3045 videtur
821 2997 958 3046 sumere
980 3015 1032 3064 -,
1058 2991 1096 3046 ut
1124 2973 1308 3046 sexcenties
1330 2997 1351 3044 a
1370 2975 1436 3046 De-

268 3097 447 3168 mosthene
469 3114 656 3190 usurpetur
678 3097 722 3167 ad
745 3096 926 3168 transitum
950 3099 1143 3186 parandum
1168 3121 1189 3168 a
1214 3097 1434 3191 praecedente

269 3220 420 3311 quadam
444 3220 609 3290 sententia
631 3220 676 3288 ad
699 3241 824 3291 novam
847 3244 936 3313 quae
959 3239 1133 3312 sequatur,
1159 3238 1196 3291 ut
1216 3223 1315 3315 Lept.
1343 3223 1377 3316 ξς
1400 3222 1432 3307 5,

269 3345 298 3427 7,
321 3348 353 3426 8,
379 3346 428 3430 15,
454 3345 504 3426 18,
527 3345 581 3426 24,
605 3346 656 3428 41,
678 3347 733 3426 48,
756 3346 808 3431 49,
830 3346 885 3428 51,
912 3345 1343 3431 105,112,118,120.136.
1365 3345 1433 3419 Sed

269 3467 362 3557 quod
381 3465 582 3558 Spengelius
592 3466 678 3536 duas
692 3467 905 3537 recensiones
916 3481 1029 3538 censet
1048 3467 1145 3559 quasi
1158 3469 1309 3559 quodam
1329 3472 1434 3542 modo

268 3611 341 3660 esse
364 3589 499 3677 mixtas,
523 3589 597 3682 ipse
618 3591 782 3681 Weilius,
807 3612 912 3684 quem
930 3615 1035 3684 supra
1057 3595 1338 3684 commemoravi,
1357 3595 1431 3666 lau·
1510 3632 1513 3642 ·

267 3715 350 3784 dare
373 3730 474 3805 atque
495 3715 719 3806 comprobare
742 3739 812 3786 non
837 3732 960 3809 potest.
988 3718 1110 3808 Neque
1135 3717 1200 3788 hoc
1220 3716 1346 3789 mirum
1370 3735 1430 3791 est.

268 3837 360 3907 Nam
382 3833 443 3926 qui
461 3833 573 3906 verbis
587 3839 677 3925 εἵπιυ;
692 3842 838 3910 κελεύετε
849 3844 901 3909 καὶ
912 3840 973 3910 οὐκ
986 3841 1159 3926 ὀργιεῖσθε
1178 3840 1224 3912 ab
1239 3842 1431 3914 Athenien·
1471 3845 1474 3848 ’

266 3962 361 4032 sibus
386 3976 423 4030 ut
445 3961 537 4030 bona
559 3962 658 4032 venia
681 3985 717 4032 se
739 3962 880 4032 audiant
911 3962 995 4056 petit
1022 3963 1219 4056 eisdemque
1242 3990 1278 4038 se
1297 3969 1430 4038 locutu-

265 4107 345 4156 rum
368 4106 442 4156 esse
464 4086 553 4155 clare
577 4083 755 4176 significat,
766 4086 876 4157 facere
890 4109 959 4157 non
975 4105 1086 4180 potest
1104 4106 1142 4159 ut
1160 4089 1274 4161 statim
1294 4092 1432 4162 desistat

261 4209 438 4312 proposito
460 4225 494 4278 et
521 4207 634 4278 missis
657 4209 705 4280 eis
734 4233 823 4302 quae
851 4212 1028 4284 audientes
1057 4216 1198 4285 moleste
1228 4215 1296 4287 sint
1329 4217 1430 4288 laturi

264 4332 357 4404 aliud
378 4355 519 4426 prorsus
537 4331 629 4402 ineat
650 4334 844 4404 consilium.
866 4339 1000 4407 Tamen
1020 4337 1076 4408 ille
1095 4361 1163 4410 una
1181 4339 1295 4432 priore
1318 4339 1429 4434 Spen-

264 4456 339 4550 gelii
362 4455 527 4527 sententia
549 4478 689 4528 omnem
709 4459 774 4529 loci
793 4459 1026 4546 difficultatem
1044 4463 1228 4536 arbitratur
1246 4466 1426 4538 enucleari.
1540 4529 1542 4536 ,
