3628 5272
777 356 912 413 -13-

263 479 356 548 nulla
373 478 517 548 inveniri
534 494 645 570 potest
662 476 763 566 ratio,
789 499 895 567 quam
917 491 1052 546 secutus
1072 476 1320 546 Demosthenes
1345 500 1425 548 cum

264 605 376 672 denuo
395 604 584 671 elaboraret
599 601 790 671 orationem
805 601 909 670 verba
920 600 979 668 illa
996 599 1155 670 addenda
1173 600 1238 670 sibi
1248 623 1321 670 esse
1343 624 1424 671 cen-

263 728 377 796 suerit.
414 728 509 795 Tum
531 741 664 793 constat
697 725 829 816 priscos
855 723 1084 792 Athenienses
1112 745 1182 792 non
1215 747 1257 793 eo
1281 725 1426 794 consilio

263 852 403 920 nomina
418 867 451 919 et
466 849 613 918 crimina
629 848 810 919 columnae
834 848 1057 939 inscripsisse,
1083 863 1122 915 ut
1140 851 1353 932 ὑπομνήματα
1374 850 1426 916 καὶ

262 979 500 1059 παραδείγματα
508 976 554 1062 (V
553 978 630 1064 at),
639 991 711 1062 aut,
726 990 764 1041 ut
780 991 831 1042 est
844 973 911 1042 alia
923 973 1019 1042 lectio
1034 949 1142 1062 eaque
1159 971 1320 1040 vacillans
1334 970 1426 1040 ideo-

263 1120 329 1187 que
351 1098 549 1189 suspiciosa,
574 1101 792 1181 ὑποδείγματα
801 1100 853 1164 καὶ
862 1099 1101 1180 παραδείγματα
1109 1095 1199 1185 (Pal.
1217 1096 1301 1164 Ald.
1315 1095 1426 1184 Man.)

197 1269 201 1276 -
261 1238 322 1290 aut
336 1225 575 1306 παραδείγματα
596 1226 648 1289 καὶ
668 1223 881 1304 ὑπομνήματα
908 1222 990 1308 (sec.
1022 1221 1165 1310 Laur.),
1193 1219 1320 1310 quibus
1349 1234 1423 1297 ute·

262 1362 390 1426 rentur,
410 1343 554 1434 posteris
572 1343 765 1434 proderent,
779 1343 838 1409 sed
860 1358 898 1409 ut
920 1364 1018 1411 reum
1045 1342 1148 1412 etiam
1170 1343 1262 1435 apud
1285 1364 1426 1412 omnem

262 1469 492 1560 posteritatem
514 1467 679 1536 infamem
701 1466 892 1536 redderent.
908 1469 1002 1536 Tum
1026 1464 1170 1537 omnino
1187 1466 1342 1536 nonfuit
1363 1487 1425 1534 ne-

261 1592 446 1661 cessarium
470 1591 569 1661 certis
591 1590 797 1681 quibusdam
820 1590 931 1659 verbis
959 1591 1127 1662 rationem
1152 1614 1239 1681 quae
1263 1608 1313 1660 est
1337 1591 1425 1659 inter

264 1718 367 1800 φησὶν
390 1733 422 1784 et
442 1719 611 1800 γράμματα
634 1715 775 1783 indicari
807 1738 917 1804 neque
940 1733 1000 1783 aut
1020 1716 1187 1784 vocabulo
1210 1721 1313 1803 φησίν
1338 1716 1354 1804 §
1384 1718 1428 1786 42

262 1841 375 1908 denuo
392 1839 521 1930 adponi
538 1842 578 1907 τὰ
590 1843 758 1926 γράμματα
778 1841 831 1908 vel
842 1845 950 1924 ταῦτα,
970 1856 1030 1907 aut
1043 1857 1142 1910 antea
1158 1840 1426 1910 Demosthenem

262 1989 297 2034 se
315 1966 359 2034 ad
378 1965 522 2033 verbum
540 1963 680 2032 recitare
699 1963 914 2055 plebiscitum
928 1964 1052 2034 diserte
1070 1963 1193 2053 dicere,
1211 1985 1291 2034 cum
1315 1965 1427 2034 verbis

239 2156 243 2166 ,
262 2093 348 2157 ταῦτ’
363 2093 432 2158 ἐστὶ
445 2091 484 2157 τὰ
497 2092 665 2174 γράμματα
683 2087 797 2156 statim
811 2088 876 2156 hoc
895 2111 931 2157 se
949 2089 1068 2158 fecisse
1084 2088 1296 2181 profiteatur.
1321 2087 1426 2175 Quae

261 2231 342 2279 cum
360 2210 407 2278 ita
429 2209 508 2298 sint,
530 2210 678 2279 dubitari
693 2233 762 2279 non
781 2228 904 2302 potest,
928 2213 1012 2302 quin
1034 2213 1306 2281 additamentum
1326 2211 1423 2300 illud,

262 2336 355 2425 quod
378 2335 579 2428 Spengelius
602 2335 683 2405 dicit
704 2335 934 2427 aptissimum,
949 2337 1147 2407 Voemelius
1170 2337 1329 2430 frigidam
1348 2359 1428 2407 con·
1457 2314 1461 2319 .

262 2457 367 2528 tinere
391 2459 605 2548 sententiam,
629 2481 711 2529 cum
729 2461 888 2530 omittant
908 2485 962 2554 pr.
984 2467 1057 2532 Zet
1075 2484 1129 2555 pr.
1147 2464 1256 2533 Laut.
1273 2463 1315 2531 de
1333 2477 1425 2530 textu

263 2583 306 2650 sit
323 2585 585 2676 excerpendum.

349 2736 383 2804 8.
405 2734 480 2826 (Sp.
500 2755 536 2821 p.
565 2735 639 2823 177)
662 2739 677 2824 §
698 2737 750 2809 32.
768 2741 820 2805 καί
834 2762 885 2806 τοι
899 2742 930 2808 τί
957 2744 1016 2822 τῆς
1037 2742 1176 2824 ἐσχάτης
1198 2742 1324 2825 ὕβρεως
1347 2739 1426 2807 ἀπο-

262 2863 385 2945 λείπεις
405 2865 443 2931 οὐ
464 2861 547 2941 πρὸς
568 2867 614 2946 τῷ
635 2862 746 2940 πόλεις
767 2835 973 2946 Ιἀνῃρηκέναι
1004 2864 1111 2943 τίθησι
1143 2865 1201 2944 μὲν
1235 2862 1275 2929 τὰ
1296 2864 1421 2943 Πύθια,

261 2984 318 3049 τὸν
339 2983 451 3050 κοινὸν
487 2986 554 3048 τῶν
584 2980 748 3062 Ἑλλήνων
784 2983 904 3063 ἀγῶνα,
938 2981 998 3048 κᾶν
1030 2983 1130 3062 αὐτὸς
1152 2984 1193 3065 μὴ
1221 2989 1316 3069 παρῇ,
1349 2989 1427 3066 τοὺς

262 3105 402 3184 δούλους
423 3102 732 3182 ἀγωνοθετήσοντας
748 3105 872 3184 πέμπει;
895 3104 1015 3184 [κύριος
1031 3106 1067 3171 δὲ
1083 3105 1204 3172 Πυλῶν
1222 3107 1274 3172 καὶ
1289 3111 1355 3174 τῶν
1375 3107 1427 3173 ἐπὶ

259 3227 337 3304 τοὺς
347 3223 505 3304 Ἕλληνας
520 3223 673 3302 παρόδων
681 3222 751 3287 ἐστὶ
767 3224 819 3288 καὶ
835 3225 997 3303 φρουραῖς
1009 3224 1061 3288 καὶ
1077 3224 1183 3302 ξένοις
1208 3228 1286 3306 τοὺς
1305 3227 1427 3304 τόπους

260 3346 396 3424 τούτους
416 3345 549 3424 κατέχει;
572 3343 637 3422 ἔχει
655 3345 692 3408 δὲ
708 3343 759 3408 καὶ
774 3342 832 3421 τὴν
846 3343 1062 3423 προμαντείαν
1082 3348 1140 3409 τοῦ
1162 3350 1239 3411 θεοῦ
1267 3348 1426 3428 παρώσας

254 3465 343 3546 ,ἡμᾶς
364 3466 416 3529 καὶ
448 3464 630 3540 θετταλοὺς
651 3463 702 3528 καὶ
735 3461 887 3542 Δωριέας
908 3463 960 3528 καὶ
981 3463 1059 3542 τοὺς
1082 3461 1203 3543 ἄλλους
1232 3462 1424 3546 Ἀμφικτυό-

260 3606 321 3664 νας
340 3583 380 3664 ἧς
402 3583 479 3649 οὐδὲ
494 3586 564 3662 τοῖς
578 3583 730 3663 Ἕλλησιν
746 3581 846 3648 ἅπασι
863 3582 1034 3666 μέτεστιν;]
1058 3583 1177 3664 γράφει
1194 3586 1231 3651 δὲ
1252 3585 1426 3665 Θετταλοῖς

262 3707 302 3771 ὃν
336 3706 396 3786 χρὴ
431 3705 553 3785 τρόπον
586 3703 822 3786 πολιτεύεσθαι;
843 3705 958 3784 πέμπει
980 3705 1016 3769 δὲ
1039 3705 1153 3783 ξένους
1185 3705 1264 3783 τοὺς
1296 3709 1354 3788 μέν
1381 3707 1428 3788 εἰς

261 3827 416 3907 Πορθμόν
433 3824 489 3891 τὸν
505 3829 608 3905 δῆμον
624 3825 840 3907 ἐκβαλοῦντας
854 3825 911 3891 τὸν
932 3824 1128 3905 Ἐρετριέων,
1144 3826 1222 3904 τοὺς
1239 3825 1287 3892 ἐπ’
1300 3826 1425 3924 Ὠρεόν,

261 3946 421 4026 τύραννον
456 3944 642 4024 Φιλιστίδην
674 3947 950 4028 καταστήσοντας;
975 3981 1018 3995 -
1045 3941 1219 4030 Quamvis
1246 3943 1426 4035 Spengelio

258 4065 435 4152 displiceat
464 4065 648 4133 verborum
682 4065 878 4156 collocatio,
905 4065 1000 4154 quod
1029 4070 1228 4151 προμαντεία
1260 4069 1424 4160 Pylarum

262 4187 459 4287 interposita
483 4187 655 4256 mentione
679 4211 707 4270 a¹
729 4187 863 4280 Pythiis
895 4188 1128 4282 disiungatur,
1161 4213 1222 4260 nec
1252 4191 1366 4260 minus
1395 4195 1425 4263 ei

262 4313 438 4383 offensioni
450 4312 491 4380 sit
509 4313 694 4382 verborum
709 4318 813 4395 ξένοις
826 4329 858 4382 et
872 4319 996 4399 Ξένους,
1011 4318 1193 4398 θετταλοὺς
1208 4333 1240 4385 et
1254 4319 1428 4403 Θετταλοῖς

260 4436 425 4528 repetitio,
453 4455 567 4508 tamen
594 4438 702 4507 facere
726 4459 796 4508 non
817 4455 928 4533 potest
943 4439 1026 4530 quin
1046 4439 1318 4512 additamentum
1342 4440 1425 4510 illud
1472 4449 1474 4457 ⁴
