<?xml version="1.0" encoding="UTF-8"?>
<!DOCTYPE html PUBLIC "-//W3C//DTD XHTML 1.0 Transitional//EN"
    "http://www.w3.org/TR/xhtml1/DTD/xhtml1-transitional.dtd">
<html xmlns="http://www.w3.org/1999/xhtml" xml:lang="en" lang="en">
 <head>
  <title>
</title>
<meta http-equiv="Content-Type" content="text/html;charset=utf-8" />
  <meta name='ocr-system' content='tesseract 3.04.00' />
  <meta name='ocr-capabilities' content='ocr_page ocr_carea ocr_par ocr_line ocrx_word'/>
</head>
<body>
  <div class='ocr_page' id='page_1' title='image "./quastiocriticad00draegoog_0037.png"; bbox 0 0 906 1317; ppageno 0'>
   <div class='ocr_carea' id='block_1_1' title="bbox 279 84 794 1131">
    <p class='ocr_par' dir='ltr' id='par_1_1' title="bbox 279 84 794 882">
     <span class='ocr_line' id='line_1_1' title="bbox 470 84 535 99; baseline 0 -4"><span class='ocrx_word' id='word_1_1' title='bbox 470 92 485 95; x_wconf 85' lang='lat'>-</span> <span class='ocrx_word' id='word_1_2' title='bbox 492 84 510 99; x_wconf 67' lang='lat'>28</span> <span class='ocrx_word' id='word_1_3' title='bbox 518 92 535 95; x_wconf 72' lang='grc'>-</span> 
     </span>
     <span class='ocr_line' id='line_1_2' title="bbox 279 115 793 138; baseline -0.002 -5"><span class='ocrx_word' id='word_1_4' title='bbox 279 121 285 133; x_wconf 85' lang='lat'>1</span> <span class='ocrx_word' id='word_1_5' title='bbox 301 115 378 133; x_wconf 71' lang='lat' dir='ltr'>laborare</span> <span class='ocrx_word' id='word_1_6' title='bbox 394 115 501 138; x_wconf 73' lang='lat' dir='ltr'>gmvissime,</span> <span class='ocrx_word' id='word_1_7' title='bbox 518 115 626 138; x_wconf 87' lang='lat' dir='ltr'>proditorum</span> <span class='ocrx_word' id='word_1_8' title='bbox 643 115 720 132; x_wconf 78' lang='lat' dir='ltr'>videlicet</span> <span class='ocrx_word' id='word_1_9' title='bbox 734 115 793 138; x_wconf 43' lang='lat' dir='ltr'>neglef</span> 
     </span>
     <span class='ocr_line' id='line_1_3' title="bbox 279 146 793 170; baseline -0.002 -6"><span class='ocrx_word' id='word_1_10' title='bbox 279 152 321 170; x_wconf 89' lang='lat' dir='ltr'>quos</span> <span class='ocrx_word' id='word_1_11' title='bbox 330 146 440 164; x_wconf 80' lang='lat' dir='ltr'>amaiorihus</span> <span class='ocrx_word' id='word_1_12' title='bbox 449 146 555 164; x_wconf 77' lang='lat' dir='ltr'>severissime</span> <span class='ocrx_word' id='word_1_13' title='bbox 566 146 656 169; x_wconf 74' lang='lat' dir='ltr'>castigatos</span> <span class='ocrx_word' id='word_1_14' title='bbox 672 152 709 164; x_wconf 87' lang='lat' dir='ltr'>esse</span> <span class='ocrx_word' id='word_1_15' title='bbox 717 146 793 164; x_wconf 83' lang='lat' dir='ltr'>Arthmii</span> 
     </span>
     <span class='ocr_line' id='line_1_4' title="bbox 285 177 792 201; baseline -0.002 -6"><span class='ocrx_word' id='word_1_16' title='bbox 285 178 388 201; x_wconf 84' lang='lat' dir='ltr'>exemplum.</span> <span class='ocrx_word' id='word_1_17' title='bbox 402 178 461 195; x_wconf 70' lang='lat' dir='ltr'>Altera</span> <span class='ocrx_word' id='word_1_18' title='bbox 476 181 524 200; x_wconf 80' lang='lat' dir='ltr'>parte</span> <span class='ocrx_word' id='word_1_19' title='bbox 536 177 555 200; x_wconf 61' lang='grc' dir='ltr'>(ξ</span> <span class='ocrx_word' id='word_1_20' title='bbox 566 177 626 200; x_wconf 83' lang='grc'><strong>47-70)</strong></span> <span class='ocrx_word' id='word_1_21' title='bbox 641 177 713 200; x_wconf 83' lang='lat' dir='ltr'>explicat</span> <span class='ocrx_word' id='word_1_22' title='bbox 729 177 792 195; x_wconf 89' lang='lat' dir='ltr'>Demo-</span> 
     </span>
     <span class='ocr_line' id='line_1_5' title="bbox 279 209 794 232; baseline 0 -6"><span class='ocrx_word' id='word_1_23' title='bbox 279 222 283 231; x_wconf 88' lang='lat'><em>,</em></span> <span class='ocrx_word' id='word_1_24' title='bbox 293 209 335 232; x_wconf 85' lang='lat' dir='ltr'>quid</span> <span class='ocrx_word' id='word_1_25' title='bbox 349 209 370 226; x_wconf 77' lang='lat' dir='ltr'>ad</span> <span class='ocrx_word' id='word_1_26' title='bbox 381 209 487 226; x_wconf 74' lang='lat' dir='ltr'>adversarios</span> <span class='ocrx_word' id='word_1_27' title='bbox 503 213 519 226; x_wconf 88' lang='lat' dir='ltr'>et</span> <span class='ocrx_word' id='word_1_28' title='bbox 528 213 606 226; x_wconf 82' lang='lat' dir='ltr'>externos</span> <span class='ocrx_word' id='word_1_29' title='bbox 622 213 638 226; x_wconf 90' lang='lat' dir='ltr'>et</span> <span class='ocrx_word' id='word_1_30' title='bbox 650 209 738 226; x_wconf 85' lang='lat' dir='ltr'>intestinos</span> <span class='ocrx_word' id='word_1_31' title='bbox 754 214 794 232; x_wconf 83' lang='lat' dir='ltr'>pro-</span> 
     </span>
     <span class='ocr_line' id='line_1_6' title="bbox 279 239 793 263; baseline 0 -6"><span class='ocrx_word' id='word_1_32' title='bbox 279 240 302 258; x_wconf 77' lang='lat' dir='ltr'>!os</span> <span class='ocrx_word' id='word_1_33' title='bbox 319 240 341 257; x_wconf 87' lang='lat' dir='ltr'>sit</span> <span class='ocrx_word' id='word_1_34' title='bbox 356 240 459 257; x_wconf 78' lang='lat' dir='ltr'>faciendum.</span> <span class='ocrx_word' id='word_1_35' title='bbox 476 240 536 262; x_wconf 78' lang='lat' dir='ltr'>Itaque</span> <span class='ocrx_word' id='word_1_36' title='bbox 552 239 612 257; x_wconf 81' lang='lat' dir='ltr'>suadet</span> <span class='ocrx_word' id='word_1_37' title='bbox 628 239 705 263; x_wconf 83' lang='lat' dir='ltr'>primum</span> <span class='ocrx_word' id='word_1_38' title='bbox 723 244 742 257; x_wconf 89' lang='lat' dir='ltr'>ut</span> <span class='ocrx_word' id='word_1_39' title='bbox 761 240 793 263; x_wconf 86' lang='lat' dir='ltr'>ipsi</span> 
     </span>
     <span class='ocr_line' id='line_1_7' title="bbox 279 270 792 294; baseline 0 -6"><span class='ocrx_word' id='word_1_40' title='bbox 279 277 289 288; x_wconf 89' lang='lat' dir='ltr'>o</span> <span class='ocrx_word' id='word_1_41' title='bbox 303 271 378 288; x_wconf 78' lang='lat' dir='ltr'>inserant</span> <span class='ocrx_word' id='word_1_42' title='bbox 391 271 455 288; x_wconf 84' lang='lat' dir='ltr'>bellum</span> <span class='ocrx_word' id='word_1_43' title='bbox 467 270 485 293; x_wconf 70' lang='grc' dir='ltr'>(ξ</span> <span class='ocrx_word' id='word_1_44' title='bbox 500 271 568 293; x_wconf 76' lang='grc'><strong>47-52),</strong></span> <span class='ocrx_word' id='word_1_45' title='bbox 586 270 647 288; x_wconf 85' lang='lat' dir='ltr'>deinde</span> <span class='ocrx_word' id='word_1_46' title='bbox 662 271 792 294; x_wconf 66' lang='lat' dir='ltr'>Olynthios-um,</span> 
     </span>
     <span class='ocr_line' id='line_1_8' title="bbox 279 301 793 325; baseline -0.002 -6"><span class='ocrx_word' id='word_1_47' title='bbox 279 302 338 324; x_wconf 70' lang='lat' dir='ltr'>isium,</span> <span class='ocrx_word' id='word_1_48' title='bbox 356 302 445 320; x_wconf 78' lang='lat' dir='ltr'>Oritarum</span> <span class='ocrx_word' id='word_1_49' title='bbox 462 302 539 325; x_wconf 78' lang='lat' dir='ltr'>exemplo</span> <span class='ocrx_word' id='word_1_50' title='bbox 553 301 613 319; x_wconf 79' lang='lat' dir='ltr'>moniti</span> <span class='ocrx_word' id='word_1_51' title='bbox 622 301 694 324; x_wconf 77' lang='lat' dir='ltr'>pecunia</span> <span class='ocrx_word' id='word_1_52' title='bbox 703 305 793 324; x_wconf 83' lang='lat' dir='ltr'>corruptos</span> 
     </span>
     <span class='ocr_line' id='line_1_9' title="bbox 288 332 793 356; baseline -0.002 -6"><span class='ocrx_word' id='word_1_53' title='bbox 288 333 311 351; x_wconf 76' lang='lat' dir='ltr'>ab</span> <span class='ocrx_word' id='word_1_54' title='bbox 324 333 383 356; x_wconf 86' lang='lat' dir='ltr'>eisque</span> <span class='ocrx_word' id='word_1_55' title='bbox 394 333 496 356; x_wconf 82' lang='lat' dir='ltr'>proditionis</span> <span class='ocrx_word' id='word_1_56' title='bbox 507 336 584 356; x_wconf 79' lang='lat' dir='ltr'>repetant</span> <span class='ocrx_word' id='word_1_57' title='bbox 595 338 660 356; x_wconf 73' lang='lat' dir='ltr'>poenas</span> <span class='ocrx_word' id='word_1_58' title='bbox 671 332 686 355; x_wconf 64' lang='grc' dir='ltr'>(ξ</span> <span class='ocrx_word' id='word_1_59' title='bbox 697 332 763 355; x_wconf 79' lang='lat'>52-62):</span> <span class='ocrx_word' id='word_1_60' title='bbox 776 337 793 350; x_wconf 88' lang='lat' dir='ltr'>et</span> 
     </span>
     <span class='ocr_line' id='line_1_10' title="bbox 280 363 793 386; baseline 0 -6"><span class='ocrx_word' id='word_1_61' title='bbox 280 363 325 385; x_wconf 46' lang='lat'>3⁴68)</span> <span class='ocrx_word' id='word_1_62' title='bbox 341 363 398 381; x_wconf 68' lang='lat' dir='ltr'>statim</span> <span class='ocrx_word' id='word_1_63' title='bbox 413 363 530 386; x_wconf 79' lang='lat' dir='ltr'>adiunguntur</span> <span class='ocrx_word' id='word_1_64' title='bbox 543 363 589 385; x_wconf 74' lang='lat' dir='ltr'>talia,</span> <span class='ocrx_word' id='word_1_65' title='bbox 605 363 667 386; x_wconf 85' lang='lat' dir='ltr'>quibus</span> <span class='ocrx_word' id='word_1_66' title='bbox 684 363 793 386; x_wconf 78' lang='lat' dir='ltr'>impellantur</span> 
     </span>
     <span class='ocr_line' id='line_1_11' title="bbox 279 391 791 417; baseline 0 -6"><span class='ocrx_word' id='word_1_67' title='bbox 279 400 322 412; x_wconf 64' lang='lat' dir='ltr'>enses</span> <span class='ocrx_word' id='word_1_68' title='bbox 332 394 354 411; x_wconf 81' lang='lat' dir='ltr'>ad</span> <span class='ocrx_word' id='word_1_69' title='bbox 369 399 396 411; x_wconf 86' lang='lat' dir='ltr'>res</span> <span class='ocrx_word' id='word_1_70' title='bbox 405 391 433 411; x_wconf 61' lang='lat' dir='ltr'>&#39;ita</span> <span class='ocrx_word' id='word_1_71' title='bbox 445 394 527 417; x_wconf 84' lang='lat' dir='ltr'>gerendas</span> <span class='ocrx_word' id='word_1_72' title='bbox 540 398 558 411; x_wconf 86' lang='lat' dir='ltr'>ut</span> <span class='ocrx_word' id='word_1_73' title='bbox 571 394 646 417; x_wconf 81' lang='lat' dir='ltr'>postulat</span> <span class='ocrx_word' id='word_1_74' title='bbox 662 394 791 411; x_wconf 72' lang='lat' dir='ltr'>Demosthenes.</span> 
     </span>
     <span class='ocr_line' id='line_1_12' title="bbox 280 425 791 448; baseline 0 -6"><span class='ocrx_word' id='word_1_75' title='bbox 280 431 339 443; x_wconf 87' lang='lat' dir='ltr'>emum</span> <span class='ocrx_word' id='word_1_76' title='bbox 351 425 427 448; x_wconf 84' lang='lat' dir='ltr'>sequitur</span> <span class='ocrx_word' id='word_1_77' title='bbox 440 425 455 447; x_wconf 83' lang='lat'>(§</span> <span class='ocrx_word' id='word_1_78' title='bbox 465 425 522 447; x_wconf 87' lang='lat'><strong>70-75)</strong></span> <span class='ocrx_word' id='word_1_79' title='bbox 532 430 576 448; x_wconf 84' lang='lat' dir='ltr'>quae</span> <span class='ocrx_word' id='word_1_80' title='bbox 588 425 657 448; x_wconf 83' lang='lat' dir='ltr'>proprie</span> <span class='ocrx_word' id='word_1_81' title='bbox 670 429 740 442; x_wconf 75' lang='lat' dir='ltr'>vocatur</span> <span class='ocrx_word' id='word_1_82' title='bbox 750 430 791 448; x_wconf 84' lang='lat' dir='ltr'>pro-</span> 
     </span>
     <span class='ocr_line' id='line_1_13' title="bbox 285 456 792 479; baseline -0.002 -5"><span class='ocrx_word' id='word_1_83' title='bbox 285 462 319 479; x_wconf 82' lang='lat' dir='ltr'>qua</span> <span class='ocrx_word' id='word_1_84' title='bbox 329 460 387 474; x_wconf 75' lang='lat' dir='ltr'>orator</span> <span class='ocrx_word' id='word_1_85' title='bbox 396 461 431 479; x_wconf 84' lang='lat' dir='ltr'>quo</span> <span class='ocrx_word' id='word_1_86' title='bbox 442 456 495 473; x_wconf 84' lang='lat' dir='ltr'>modo</span> <span class='ocrx_word' id='word_1_87' title='bbox 506 456 583 473; x_wconf 79' lang='lat' dir='ltr'>defensio</span> <span class='ocrx_word' id='word_1_88' title='bbox 595 456 676 473; x_wconf 74' lang='lat' dir='ltr'>libertatis</span> <span class='ocrx_word' id='word_1_89' title='bbox 685 456 707 473; x_wconf 82' lang='lat' dir='ltr'>ab</span> <span class='ocrx_word' id='word_1_90' title='bbox 720 456 792 473; x_wconf 80' lang='lat' dir='ltr'>externis</span> 
     </span>
     <span class='ocr_line' id='line_1_14' title="bbox 279 487 791 510; baseline 0 -6"><span class='ocrx_word' id='word_1_91' title='bbox 279 487 317 505; x_wconf 85' lang='lat' dir='ltr'>tinis</span> <span class='ocrx_word' id='word_1_92' title='bbox 326 487 399 505; x_wconf 87' lang='lat' dir='ltr'>inimicis</span> <span class='ocrx_word' id='word_1_93' title='bbox 408 487 426 504; x_wconf 91' lang='lat' dir='ltr'>in</span> <span class='ocrx_word' id='word_1_94' title='bbox 436 492 524 504; x_wconf 91' lang='lat' dir='ltr'>summum</span> <span class='ocrx_word' id='word_1_95' title='bbox 532 487 627 510; x_wconf 82' lang='lat' dir='ltr'>periculum</span> <span class='ocrx_word' id='word_1_96' title='bbox 636 491 706 504; x_wconf 73' lang='lat' dir='ltr'>vocatae</span> <span class='ocrx_word' id='word_1_97' title='bbox 715 487 791 510; x_wconf 71' lang='lat' dir='ltr'>paranda</span> 
     </span>
     <span class='ocr_line' id='line_1_15' title="bbox 279 518 792 541; baseline 0 -6"><span class='ocrx_word' id='word_1_98' title='bbox 279 518 313 536; x_wconf 79' lang='lat' dir='ltr'>›nit⁴</span> <span class='ocrx_word' id='word_1_99' title='bbox 325 518 348 535; x_wconf 88' lang='lat' dir='ltr'>Et</span> <span class='ocrx_word' id='word_1_100' title='bbox 357 522 375 535; x_wconf 85' lang='lat' dir='ltr'>ut</span> <span class='ocrx_word' id='word_1_101' title='bbox 384 524 414 541; x_wconf 85' lang='lat' dir='ltr'>per</span> <span class='ocrx_word' id='word_1_102' title='bbox 423 522 477 535; x_wconf 73' lang='lat' dir='ltr'>totam</span> <span class='ocrx_word' id='word_1_103' title='bbox 486 518 581 535; x_wconf 81' lang='lat' dir='ltr'>orationem</span> <span class='ocrx_word' id='word_1_104' title='bbox 590 524 621 541; x_wconf 83' lang='lat' dir='ltr'>per</span> <span class='ocrx_word' id='word_1_105' title='bbox 634 518 669 535; x_wconf 92' lang='lat' dir='ltr'>duo</span> <span class='ocrx_word' id='word_1_106' title='bbox 685 518 762 535; x_wconf 84' lang='lat' dir='ltr'>membra</span> <span class='ocrx_word' id='word_1_107' title='bbox 773 518 792 535; x_wconf 87' lang='lat' dir='ltr'>fit</span> 
     </span>
     <span class='ocr_line' id='line_1_16' title="bbox 279 549 791 570; baseline 0 -4"><span class='ocrx_word' id='word_1_108' title='bbox 279 555 327 567; x_wconf 76' lang='lat' dir='ltr'>arum</span> <span class='ocrx_word' id='word_1_109' title='bbox 345 553 440 570; x_wconf 79' lang='lat' dir='ltr'>structura,</span> <span class='ocrx_word' id='word_1_110' title='bbox 459 549 482 567; x_wconf 67' lang='lat' dir='ltr'>itu</span> <span class='ocrx_word' id='word_1_111' title='bbox 499 550 531 567; x_wconf 87' lang='lat' dir='ltr'>hoc</span> <span class='ocrx_word' id='word_1_112' title='bbox 546 549 598 567; x_wconf 74' lang='lat' dir='ltr'>etiam</span> <span class='ocrx_word' id='word_1_113' title='bbox 614 549 652 567; x_wconf 91' lang='lat' dir='ltr'>loco</span> <span class='ocrx_word' id='word_1_114' title='bbox 668 549 791 567; x_wconf 83' lang='lat' dir='ltr'>Demosthenes</span> 
     </span>
     <span class='ocr_line' id='line_1_17' title="bbox 280 580 790 603; baseline 0 -6"><span class='ocrx_word' id='word_1_115' title='bbox 280 580 361 603; x_wconf 80' lang='lat' dir='ltr'>proponit</span> <span class='ocrx_word' id='word_1_116' title='bbox 371 580 469 602; x_wconf 82' lang='lat' dir='ltr'>consilium,</span> <span class='ocrx_word' id='word_1_117' title='bbox 479 580 556 603; x_wconf 85' lang='lat' dir='ltr'>primurn</span> <span class='ocrx_word' id='word_1_118' title='bbox 563 584 582 597; x_wconf 91' lang='lat' dir='ltr'>ut</span> <span class='ocrx_word' id='word_1_119' title='bbox 592 580 706 597; x_wconf 72' lang='lat' dir='ltr'>Athenienses</span> <span class='ocrx_word' id='word_1_120' title='bbox 715 585 756 603; x_wconf 76' lang='lat' dir='ltr'>prae</span> <span class='ocrx_word' id='word_1_121' title='bbox 763 586 790 598; x_wconf 89' lang='lat' dir='ltr'>ce-</span> 
     </span>
     <span class='ocr_line' id='line_1_18' title="bbox 280 611 789 634; baseline -0.002 -5"><span class='ocrx_word' id='word_1_122' title='bbox 280 617 308 629; x_wconf 76' lang='lat' dir='ltr'>am</span> <span class='ocrx_word' id='word_1_123' title='bbox 318 611 391 629; x_wconf 81' lang='lat' dir='ltr'>maxime</span> <span class='ocrx_word' id='word_1_124' title='bbox 401 611 486 629; x_wconf 74' lang='lat' dir='ltr'>instruant</span> <span class='ocrx_word' id='word_1_125' title='bbox 495 611 566 633; x_wconf 82' lang='lat' dir='ltr'>bellum,</span> <span class='ocrx_word' id='word_1_126' title='bbox 577 611 638 629; x_wconf 89' lang='lat' dir='ltr'>deinde</span> <span class='ocrx_word' id='word_1_127' title='bbox 652 611 726 634; x_wconf 81' lang='lat' dir='ltr'>reliquas</span> <span class='ocrx_word' id='word_1_128' title='bbox 736 611 789 629; x_wconf 80' lang='lat' dir='ltr'>Grae-</span> 
     </span>
     <span class='ocr_line' id='line_1_19' title="bbox 279 642 791 666; baseline 0.002 -7"><span class='ocrx_word' id='word_1_129' title='bbox 279 642 352 659; x_wconf 75' lang='lat' dir='ltr'>civitates</span> <span class='ocrx_word' id='word_1_130' title='bbox 363 642 385 659; x_wconf 81' lang='lat' dir='ltr'>ad</span> <span class='ocrx_word' id='word_1_131' title='bbox 397 642 461 660; x_wconf 83' lang='lat' dir='ltr'>bellum</span> <span class='ocrx_word' id='word_1_132' title='bbox 472 646 566 660; x_wconf 81' lang='lat' dir='ltr'>convocent</span> <span class='ocrx_word' id='word_1_133' title='bbox 578 642 595 660; x_wconf 88' lang='lat' dir='ltr'>in</span> <span class='ocrx_word' id='word_1_134' title='bbox 606 647 717 660; x_wconf 83' lang='lat' dir='ltr'>communem</span> <span class='ocrx_word' id='word_1_135' title='bbox 727 642 791 666; x_wconf 75' lang='lat' dir='ltr'>patriae</span> 
     </span>
     <span class='ocr_line' id='line_1_20' title="bbox 289 673 791 691; baseline 0.002 -1"><span class='ocrx_word' id='word_1_136' title='bbox 289 673 392 690; x_wconf 80' lang='lat' dir='ltr'>faciendum.</span> <span class='ocrx_word' id='word_1_137' title='bbox 402 683 424 686; x_wconf 87' lang='lat'>--</span> <span class='ocrx_word' id='word_1_138' title='bbox 441 673 480 690; x_wconf 81' lang='lat' dir='ltr'>Hac</span> <span class='ocrx_word' id='word_1_139' title='bbox 495 673 513 690; x_wconf 83' lang='lat' dir='ltr'>in</span> <span class='ocrx_word' id='word_1_140' title='bbox 529 673 651 691; x_wconf 72' lang='lat' dir='ltr'>sententiarum</span> <span class='ocrx_word' id='word_1_141' title='bbox 664 673 791 691; x_wconf 81' lang='lat' dir='ltr'>continuatione</span> 
     </span>
     <span class='ocr_line' id='line_1_21' title="bbox 279 704 790 728; baseline 0.002 -7"><span class='ocrx_word' id='word_1_142' title='bbox 279 710 291 721; x_wconf 75' lang='lat' dir='ltr'>ve</span> <span class='ocrx_word' id='word_1_143' title='bbox 301 704 418 722; x_wconf 77' lang='lat' dir='ltr'>Rehdantzius</span> <span class='ocrx_word' id='word_1_144' title='bbox 429 704 447 722; x_wconf 93' lang='lat' dir='ltr'>in</span> <span class='ocrx_word' id='word_1_145' title='bbox 457 704 513 722; x_wconf 83' lang='lat' dir='ltr'>medin</span> <span class='ocrx_word' id='word_1_146' title='bbox 522 704 599 722; x_wconf 77' lang='lat' dir='ltr'>oratione</span> <span class='ocrx_word' id='word_1_147' title='bbox 608 704 645 722; x_wconf 84' lang='lat' dir='ltr'>vult</span> <span class='ocrx_word' id='word_1_148' title='bbox 652 705 737 728; x_wconf 74' lang='lat' dir='ltr'>collocari,</span> <span class='ocrx_word' id='word_1_149' title='bbox 748 705 790 723; x_wconf 79' lang='lat' dir='ltr'>nihii</span> 
     </span>
     <span class='ocr_line' id='line_1_22' title="bbox 292 735 790 759; baseline 0.002 -7"><span class='ocrx_word' id='word_1_150' title='bbox 292 735 360 752; x_wconf 84' lang='lat' dir='ltr'>Etenim</span> <span class='ocrx_word' id='word_1_151' title='bbox 374 735 387 752; x_wconf 86' lang='lat' dir='ltr'>si</span> <span class='ocrx_word' id='word_1_152' title='bbox 398 741 441 758; x_wconf 82' lang='lat' dir='ltr'>quae</span> <span class='ocrx_word' id='word_1_153' title='bbox 451 736 459 758; x_wconf 72' lang='grc' dir='ltr'><strong>ξ</strong></span> <span class='ocrx_word' id='word_1_154' title='bbox 468 735 518 752; x_wconf 84' lang='grc'><strong>70-75</strong></span> <span class='ocrx_word' id='word_1_155' title='bbox 532 735 640 753; x_wconf 80' lang='lat' dir='ltr'>continentur</span> <span class='ocrx_word' id='word_1_156' title='bbox 652 736 687 753; x_wconf 75' lang='lat' dir='ltr'>iam</span> <span class='ocrx_word' id='word_1_157' title='bbox 699 740 738 759; x_wconf 83' lang='lat' dir='ltr'>post</span> <span class='ocrx_word' id='word_1_158' title='bbox 749 736 757 758; x_wconf 65' lang='grc' dir='ltr'><strong>ξ</strong></span> <span class='ocrx_word' id='word_1_159' title='bbox 769 737 790 753; x_wconf 86' lang='grc'>46</span> 
     </span>
     <span class='ocr_line' id='line_1_23' title="bbox 279 766 789 789; baseline 0.002 -6"><span class='ocrx_word' id='word_1_160' title='bbox 279 770 347 788; x_wconf 65' lang='lat' dir='ltr'>ramata,</span> <span class='ocrx_word' id='word_1_161' title='bbox 361 766 388 783; x_wconf 83' lang='lat' dir='ltr'>vix</span> <span class='ocrx_word' id='word_1_162' title='bbox 395 766 428 783; x_wconf 91' lang='lat' dir='ltr'>dici</span> <span class='ocrx_word' id='word_1_163' title='bbox 435 770 491 789; x_wconf 80' lang='lat' dir='ltr'>potest</span> <span class='ocrx_word' id='word_1_164' title='bbox 499 771 604 789; x_wconf 80' lang='lat' dir='ltr'>quantopere</span> <span class='ocrx_word' id='word_1_165' title='bbox 615 766 662 784; x_wconf 88' lang='lat' dir='ltr'>—id</span> <span class='ocrx_word' id='word_1_166' title='bbox 673 767 720 784; x_wconf 90' lang='lat' dir='ltr'>enim</span> <span class='ocrx_word' id='word_1_167' title='bbox 732 772 789 784; x_wconf 87' lang='lat' dir='ltr'>neces-</span> 
     </span>
     <span class='ocr_line' id='line_1_24' title="bbox 279 796 789 821; baseline 0.002 -7"><span class='ocrx_word' id='word_1_168' title='bbox 279 796 347 819; x_wconf 84' lang='lat' dir='ltr'>:quitur‚</span> <span class='ocrx_word' id='word_1_169' title='bbox 361 797 376 814; x_wconf 89' lang='lat' dir='ltr'>si</span> <span class='ocrx_word' id='word_1_170' title='bbox 393 797 510 814; x_wconf 78' lang='lat' dir='ltr'>Rehdantzius</span> <span class='ocrx_word' id='word_1_171' title='bbox 524 801 567 815; x_wconf 85' lang='lat' dir='ltr'>recte</span> <span class='ocrx_word' id='word_1_172' title='bbox 585 797 635 815; x_wconf 85' lang='lat' dir='ltr'>sentit</span> <span class='ocrx_word' id='word_1_173' title='bbox 644 808 667 810; x_wconf 98' lang='lat'><strong>—</strong></span> <span class='ocrx_word' id='word_1_174' title='bbox 676 798 701 815; x_wconf 92' lang='lat' dir='ltr'>vis</span> <span class='ocrx_word' id='word_1_175' title='bbox 711 798 789 821; x_wconf 86' lang='lat' dir='ltr'>proposi-</span> 
     </span>
     <span class='ocr_line' id='line_1_25' title="bbox 279 827 790 850; baseline 0.004 -5"><span class='ocrx_word' id='word_1_176' title='bbox 279 827 353 850; x_wconf 71' lang='lat' dir='ltr'>ptissirne</span> <span class='ocrx_word' id='word_1_177' title='bbox 365 828 382 845; x_wconf 89' lang='lat' dir='ltr'>in</span> <span class='ocrx_word' id='word_1_178' title='bbox 397 828 430 845; x_wconf 84' lang='lat' dir='ltr'>fine</span> <span class='ocrx_word' id='word_1_179' title='bbox 442 828 507 850; x_wconf 73' lang='lat' dir='ltr'>positae</span> <span class='ocrx_word' id='word_1_180' title='bbox 516 833 532 846; x_wconf 89' lang='lat' dir='ltr'>et</span> <span class='ocrx_word' id='word_1_181' title='bbox 543 828 599 846; x_wconf 85' lang='lat' dir='ltr'>verbis</span> <span class='ocrx_word' id='word_1_182' title='bbox 614 829 630 846; x_wconf 75' lang='grc' dir='ltr'>τί</span> <span class='ocrx_word' id='word_1_183' title='bbox 645 830 724 850; x_wconf 54' lang='lat' dir='ltr'>nemmem</span> <span class='ocrx_word' id='word_1_184' title='bbox 741 830 790 847; x_wconf 78' lang='grc' dir='ltr'>πάλαι</span> 
     </span>
     <span class='ocr_line' id='line_1_26' title="bbox 279 859 789 882; baseline 0.002 -7"><span class='ocrx_word' id='word_1_185' title='bbox 279 864 292 879; x_wconf 79' lang='grc' dir='ltr'>ις</span> <span class='ocrx_word' id='word_1_186' title='bbox 303 859 323 875; x_wconf 78' lang='grc' dir='ltr'>ἂν</span> <span class='ocrx_word' id='word_1_187' title='bbox 334 859 377 879; x_wconf 70' lang='grc' dir='ltr'>ἴσως</span> <span class='ocrx_word' id='word_1_188' title='bbox 392 859 482 879; x_wconf 81' lang='grc' dir='ltr'>ἐρωτήσων</span> <span class='ocrx_word' id='word_1_189' title='bbox 495 859 562 880; x_wconf 73' lang='grc' dir='ltr'><strong>κάθηται</strong></span> <span class='ocrx_word' id='word_1_190' title='bbox 580 860 595 882; x_wconf 77' lang='grc' dir='ltr'>(ξ</span> <span class='ocrx_word' id='word_1_191' title='bbox 611 859 639 881; x_wconf 86' lang='lat'>70)</span> <span class='ocrx_word' id='word_1_192' title='bbox 656 864 695 876; x_wconf 84' lang='lat' dir='ltr'>cum</span> <span class='ocrx_word' id='word_1_193' title='bbox 709 859 789 882; x_wconf 73' lang='lat' dir='ltr'>gravitate</span> 
     </span>
    </p>

    <p class='ocr_par' dir='ltr' id='par_1_2' title="bbox 279 882 789 1131">
     <span class='ocr_line' id='line_1_27' title="bbox 296 882 788 913; baseline 0.004 -7"><span class='ocrx_word' id='word_1_194' title='bbox 296 889 375 906; x_wconf 81' lang='lat' dir='ltr'>inductae</span> <span class='ocrx_word' id='word_1_195' title='bbox 391 893 477 907; x_wconf 79' lang='lat' dir='ltr'>attenuata</span> <span class='ocrx_word' id='word_1_196' title='bbox 494 894 544 913; x_wconf 87' lang='lat' dir='ltr'>atque</span> <span class='ocrx_word' id='word_1_197' title='bbox 561 882 631 908; x_wconf 73' lang='lat' dir='ltr'>infracta</span> <span class='ocrx_word' id='word_1_198' title='bbox 645 895 695 908; x_wconf 85' lang='lat' dir='ltr'>esset.</span> <span class='ocrx_word' id='word_1_199' title='bbox 716 891 738 908; x_wconf 87' lang='lat' dir='ltr'>Et</span> <span class='ocrx_word' id='word_1_200' title='bbox 754 896 788 913; x_wconf 83' lang='lat' dir='ltr'>quo</span> 
     </span>
     <span class='ocr_line' id='line_1_28' title="bbox 279 920 789 944; baseline 0.004 -7"><span class='ocrx_word' id='word_1_201' title='bbox 279 920 361 943; x_wconf 77' lang='lat' dir='ltr'>ropositio</span> <span class='ocrx_word' id='word_1_202' title='bbox 370 920 378 942; x_wconf 83' lang='lat'><strong>§</strong></span> <span class='ocrx_word' id='word_1_203' title='bbox 387 920 408 937; x_wconf 89' lang='lat'>70</span> <span class='ocrx_word' id='word_1_204' title='bbox 416 926 442 943; x_wconf 85' lang='lat' dir='ltr'>sq.</span> <span class='ocrx_word' id='word_1_205' title='bbox 455 926 495 938; x_wconf 84' lang='lat' dir='ltr'>cum</span> <span class='ocrx_word' id='word_1_206' title='bbox 505 921 562 944; x_wconf 75' lang='lat' dir='ltr'>scripti</span> <span class='ocrx_word' id='word_1_207' title='bbox 570 921 615 938; x_wconf 84' lang='lat' dir='ltr'>iilius</span> <span class='ocrx_word' id='word_1_208' title='bbox 624 921 707 938; x_wconf 71' lang='lat' dir='ltr'>sententia</span> <span class='ocrx_word' id='word_1_209' title='bbox 720 922 789 944; x_wconf 82' lang='lat' dir='ltr'>qualern</span> 
     </span>
     <span class='ocr_line' id='line_1_29' title="bbox 279 951 788 973; baseline 0.004 -5"><span class='ocrx_word' id='word_1_210' title='bbox 279 951 378 968; x_wconf 74' lang='lat' dir='ltr'>ehdantzius</span> <span class='ocrx_word' id='word_1_211' title='bbox 387 951 489 973; x_wconf 82' lang='lat' dir='ltr'>concineret,</span> <span class='ocrx_word' id='word_1_212' title='bbox 499 951 514 969; x_wconf 92' lang='lat' dir='ltr'>si</span> <span class='ocrx_word' id='word_1_213' title='bbox 524 952 647 970; x_wconf 87' lang='lat' dir='ltr'>Demosthenes</span> <span class='ocrx_word' id='word_1_214' title='bbox 654 952 671 970; x_wconf 83' lang='lat' dir='ltr'>in</span> <span class='ocrx_word' id='word_1_215' title='bbox 680 958 701 970; x_wconf 89' lang='lat' dir='ltr'>eo</span> <span class='ocrx_word' id='word_1_216' title='bbox 710 952 788 970; x_wconf 78' lang='lat' dir='ltr'>omnium</span> 
     </span>
     <span class='ocr_line' id='line_1_30' title="bbox 280 982 788 1006; baseline 0.002 -6"><span class='ocrx_word' id='word_1_217' title='bbox 280 988 310 1000; x_wconf 88' lang='lat' dir='ltr'>um</span> <span class='ocrx_word' id='word_1_218' title='bbox 319 982 380 1000; x_wconf 77' lang='lat' dir='ltr'>foedus</span> <span class='ocrx_word' id='word_1_219' title='bbox 390 988 447 1000; x_wconf 83' lang='lat' dir='ltr'>rerum</span> <span class='ocrx_word' id='word_1_220' title='bbox 457 987 508 1006; x_wconf 90' lang='lat' dir='ltr'>caput</span> <span class='ocrx_word' id='word_1_221' title='bbox 517 989 553 1001; x_wconf 81' lang='lat' dir='ltr'>esse</span> <span class='ocrx_word' id='word_1_222' title='bbox 563 983 675 1006; x_wconf 80' lang='lat' dir='ltr'>iudicavisset,</span> <span class='ocrx_word' id='word_1_223' title='bbox 684 989 724 1001; x_wconf 88' lang='lat' dir='ltr'>cum</span> <span class='ocrx_word' id='word_1_224' title='bbox 731 988 788 1001; x_wconf 83' lang='lat' dir='ltr'>tamen</span> 
     </span>
     <span class='ocr_line' id='line_1_31' title="bbox 279 1013 788 1038; baseline 0.004 -8"><span class='ocrx_word' id='word_1_225' title='bbox 279 1013 347 1031; x_wconf 75' lang='lat' dir='ltr'>›sitione</span> <span class='ocrx_word' id='word_1_226' title='bbox 358 1014 419 1031; x_wconf 81' lang='lat' dir='ltr'>foedus</span> <span class='ocrx_word' id='word_1_227' title='bbox 429 1014 471 1032; x_wconf 89' lang='lat' dir='ltr'>illud</span> <span class='ocrx_word' id='word_1_228' title='bbox 483 1014 523 1032; x_wconf 85' lang='lat' dir='ltr'>utile</span> <span class='ocrx_word' id='word_1_229' title='bbox 535 1015 588 1032; x_wconf 83' lang='lat' dir='ltr'>modo</span> <span class='ocrx_word' id='word_1_230' title='bbox 598 1014 642 1032; x_wconf 77' lang='lat' dir='ltr'>dicat</span> <span class='ocrx_word' id='word_1_231' title='bbox 651 1020 693 1037; x_wconf 86' lang='lat' dir='ltr'>esse,</span> <span class='ocrx_word' id='word_1_232' title='bbox 704 1015 737 1038; x_wconf 88' lang='lat' dir='ltr'>ipsi</span> <span class='ocrx_word' id='word_1_233' title='bbox 748 1021 788 1032; x_wconf 87' lang='lat' dir='ltr'>vero</span> 
     </span>
     <span class='ocr_line' id='line_1_32' title="bbox 279 1044 788 1069; baseline 0.002 -7"><span class='ocrx_word' id='word_1_234' title='bbox 279 1050 318 1062; x_wconf 78' lang='lat' dir='ltr'>nses</span> <span class='ocrx_word' id='word_1_235' title='bbox 325 1044 389 1062; x_wconf 79' lang='lat' dir='ltr'>beilum</span> <span class='ocrx_word' id='word_1_236' title='bbox 396 1049 457 1068; x_wconf 83' lang='lat' dir='ltr'>parent</span> <span class='ocrx_word' id='word_1_237' title='bbox 463 1049 479 1063; x_wconf 91' lang='lat' dir='ltr'>et</span> <span class='ocrx_word' id='word_1_238' title='bbox 487 1045 538 1063; x_wconf 82' lang='lat' dir='ltr'>rebus</span> <span class='ocrx_word' id='word_1_239' title='bbox 544 1045 621 1063; x_wconf 86' lang='lat' dir='ltr'>intersint</span> <span class='ocrx_word' id='word_1_240' title='bbox 628 1045 713 1069; x_wconf 82' lang='lat' dir='ltr'>imprimis</span> <span class='ocrx_word' id='word_1_241' title='bbox 720 1051 788 1064; x_wconf 82' lang='lat' dir='ltr'>neeesse</span> 
     </span>
     <span class='ocr_line' id='line_1_33' title="bbox 279 1076 786 1099; baseline 0.002 -6"><span class='ocrx_word' id='word_1_242' title='bbox 279 1076 300 1093; x_wconf 87' lang='lat' dir='ltr'>ed</span> <span class='ocrx_word' id='word_1_243' title='bbox 317 1076 367 1099; x_wconf 80' lang='lat' dir='ltr'>longe</span> <span class='ocrx_word' id='word_1_244' title='bbox 376 1076 424 1093; x_wconf 81' lang='lat' dir='ltr'>aliter</span> <span class='ocrx_word' id='word_1_245' title='bbox 440 1082 467 1093; x_wconf 92' lang='lat' dir='ltr'>res</span> <span class='ocrx_word' id='word_1_246' title='bbox 478 1082 496 1094; x_wconf 82' lang='lat' dir='ltr'>se</span> <span class='ocrx_word' id='word_1_247' title='bbox 510 1076 567 1099; x_wconf 73' lang='lat' dir='ltr'>hebet,</span> <span class='ocrx_word' id='word_1_248' title='bbox 585 1076 599 1094; x_wconf 89' lang='lat' dir='ltr'>si</span> <span class='ocrx_word' id='word_1_249' title='bbox 608 1076 674 1094; x_wconf 82' lang='lat' dir='ltr'>codices</span> <span class='ocrx_word' id='word_1_250' title='bbox 683 1078 696 1094; x_wconf 91' lang='grc' dir='ltr'><strong>Σ</strong></span> <span class='ocrx_word' id='word_1_251' title='bbox 706 1081 723 1094; x_wconf 88' lang='lat' dir='ltr'>et</span> <span class='ocrx_word' id='word_1_252' title='bbox 734 1077 786 1095; x_wconf 68' lang='lat' dir='ltr'>Laut.</span> 
     </span>
     <span class='ocr_line' id='line_1_34' title="bbox 279 1107 787 1131; baseline 0.002 -7"><span class='ocrx_word' id='word_1_253' title='bbox 279 1112 291 1124; x_wconf 66' lang='lat' dir='ltr'>tr</span> <span class='ocrx_word' id='word_1_254' title='bbox 300 1107 358 1124; x_wconf 86' lang='lat' dir='ltr'>duces.</span> <span class='ocrx_word' id='word_1_255' title='bbox 369 1107 450 1130; x_wconf 84' lang='lat' dir='ltr'>Namque</span> <span class='ocrx_word' id='word_1_256' title='bbox 460 1107 483 1125; x_wconf 81' lang='lat' dir='ltr'>ibi</span> <span class='ocrx_word' id='word_1_257' title='bbox 492 1113 532 1125; x_wconf 78' lang='lat' dir='ltr'>eum</span> <span class='ocrx_word' id='word_1_258' title='bbox 540 1107 599 1125; x_wconf 86' lang='lat' dir='ltr'>titulus</span> <span class='ocrx_word' id='word_1_259' title='bbox 609 1107 645 1125; x_wconf 86' lang='lat' dir='ltr'>sine</span> <span class='ocrx_word' id='word_1_260' title='bbox 655 1107 709 1125; x_wconf 90' lang='lat' dir='ltr'>dubio</span> <span class='ocrx_word' id='word_1_261' title='bbox 717 1113 787 1131; x_wconf 87' lang='lat' dir='ltr'>respon-</span> 
     </span>
    </p>
   </div>
  </div>
 </body>
</html>
