3628 5272
819 337 854 350 ..
871 307 906 366 39
923 339 955 348 -

297 433 372 498 'lum
395 453 468 499 esse
484 429 676 524 gerendum
702 427 804 518 idque
834 448 940 518 quarn
960 426 1124 496 acerrime
1146 429 1178 516 ἓξ
1196 428 1297 498 47-52
1330 426 1473 496 demum
1505 490 1507 498 ,

299 551 494 644 exponitur:
519 549 574 618 cui
596 549 794 637 sententiae,
820 549 848 623 si
871 548 1072 640 respicimus
1091 549 1134 616 ad
1154 547 1287 630 dicendi
1314 546 1473 638 ordinem

298 675 568 744 aDemostheue
591 674 748 742 universe
781 690 965 761 servatum,
991 671 1026 740 in
1050 671 1165 763 priore
1189 669 1354 739 orationis
1377 687 1474 762 parte
1545 765 1548 770 Ι

299 801 413 868 nullus
438 797 582 888 omnino
598 815 647 865 est
666 799 773 866 locus.
792 796 942 884 Etenim,
965 795 1013 866 uti
1038 797 1108 864 iam
1133 795 1176 863 ad
1195 798 1210 886 ξ
1230 796 1273 862 46
1296 792 1471 880 adnotavi,

300 921 406 1010 §8-19
430 919 554 1010 probat
576 936 694 988 orator
725 919 926 1010 Philippum
959 941 996 986 re
1027 939 1108 986 vera
1141 901 1268 984 bellum
1299 936 1414 1006 gerere
1437 914 1472 982 in

301 1037 544 1126 Athenienses
580 1037 702 1108 deinde
731 1061 841 1128 usque
875 1039 1013 1132 ad536
1040 1056 1185 1128 quantas
1219 1038 1414 1108 inimicitias
1437 1040 1473 1107 in
1540 1031 1542 1039 '

185 1257 189 1264 ῃ
297 1159 449 1230 Graecos
471 1161 615 1230 omnino
639 1161 835 1252 susceperit,
858 1178 985 1251 quanta
1009 1134 1103 1230 ineo
1126 1161 1169 1229 sit
1202 1161 1323 1230 finium
1356 1141 1471 1248 profe-

303 1285 493 1356 rendorum
506 1286 644 1374 cupida,
662 1302 790 1374 quanta
804 1286 976 1376 superbia:
992 1302 1094 1376 atque
1110 1287 1175 1354 hoc
1184 1285 1242 1372 ita,
1262 1301 1297 1352 ut
1316 1285 1477 1353 adiuncta
1521 1259 1523 1264 Ι

300 1409 414 1476 statim
440 1408 605 1476 sententia
637 1407 807 1477 contraria
844 1409 1003 1478 omniurn
1035 1407 1248 1478 Graecorum
1280 1407 1478 1476 socordiam

299 1532 461 1601 adversus
485 1532 632 1602 nefarios
658 1533 809 1626 Philippi
832 1551 974 1604 conatus
998 1551 1099 1624 atque
1123 1534 1293 1602 levitatem
1306 1532 1475 1630 perstrinss

298 1675 366 1748 gata
395 1658 550 1747 Denique
566 1657 582 1746 ἕ
600 1659 644 1726 36
665 1659 708 1727 ad
734 1659 893 1728 intestina
907 1659 1057 1750 pericula
1071 1677 1238 1747 tanquam
1255 1673 1473 1725 externorum

299 1803 442 1850 causam
465 1801 651 1851 conversus
674 1805 784 1873 usque
806 1784 850 1851 ad
874 1782 891 1870 §
908 1783 951 1854 46
969 1784 1109 1874 castigat
1123 1757 1339 1874 proditorum
1359 1780 1472 1869 negle-

300 1903 461 1994 gentiam,
484 1926 552 1995 qua
576 1905 632 1974 ille
651 1906 789 1974 adiutus
814 1906 848 1974 in
868 1905 1091 1996 exsequendis
1110 1901 1261 1972 consiliis
1281 1902 1352 1970 suis
1368 1897 1477 1971 Grae·
1513 1955 1514 1960 1

186 2084 190 2090 .
255 2051 257 2058 ¹
298 2049 420 2095 corum
442 2027 592 2097 civitates
617 2029 704 2098 inter
727 2052 763 2097 se
786 2029 1020 2107 discordantes
1044 2027 1202 2098 facillime
1227 2041 1374 2116 superet.

346 2149 529 2236 Quid?-
543 2150 588 2220 ita
607 2151 680 2221 iure
708 2170 848 2242 quaerat
872 2151 1044 2243 quispiam
1063 2191 1103 2201 -
1126 2172 1195 2239 quo
1209 2150 1347 2218 tandem
1368 2132 1476 2214 modo

298 2273 441 2342 omnino
465 2295 500 2342 se
519 2253 622 2343 habet
645 2275 834 2368 propositio
854 2276 910 2344 illa
934 2275 1002 2364 57,
1018 2279 1108 2343 'cum
1127 2296 1202 2342 eam
1223 2290 1339 2340 orator
1363 2288 1481 2360 neque

297 2412 492 2492 pertotam
514 2397 704 2485 orationem
720 2399 772 2485 (ut
787 2416 883 2491 putat
903 2396 1112 2494 Schultzius)
1138 2419 1248 2488 neque
1277 2417 1345 2464 una
1365 2415 1474 2483 eaque

299 2519 417 2610 exigua
441 2519 605 2590 orationis
628 2538 724 2612 parte
748 2524 924 2612 usquead
950 2523 1022 2614 §36
1045 2526 1097 2611 (ut
1123 2522 1196 2589 vult
1220 2517 1473 2604 Rehdantzius)
1507 2545 1508 2550 ¹

298 2645 541 2732 persequatur?
567 2643 689 2732 Quam
702 2646 746 2714 ad
762 2648 999 2736 quaestionem
1021 2645 1277 2722 diiudicandam
1296 2643 1370 2734 ipsa
1388 2662 1471 2732 pro-

297 2765 476 2856 positionis
507 2767 609 2836 verba
647 2769 839 2838 accuratius
871 2771 1099 2840 examinanda
1130 2769 1301 2838 videntur,
1334 2763 1474 2837 Etenim

296 2910 516 2982 summopere
534 2891 687 2982 profecto
712 2894 910 2964 mirandum
926 2912 976 2964 est
995 2895 1170 2964 nerninem
1189 2911 1346 2982 unquam
1365 2889 1473 2956 inter·
1560 2907 1563 2917 f

296 3029 427 3101 pretem
449 3013 594 3082 verbum
616 3017 795 3097 διορίζομαι
817 3039 896 3086 cum
920 3017 1086 3110 particula
1110 3021 1138 3087 εἰ
1164 3016 1388 3084 coniunctum
1413 3033 1476 3084 αα·Δ
1587 3013 1594 3034 ⁴

296 3137 443 3226 demque
482 3135 725 3228 significatione
759 3158 963 3232 usurpatum
1004 3163 1072 3232 qua
1113 3140 1264 3208 italicum
1297 3165 1313 3200 ι
1340 3117 1472 3203 stabili·-

260 3262 265 3273 '
298 3279 356 3326 sco
382 3281 417 3327 se
446 3287 462 3323 ιι
501 3259 662 3330 habuisse
694 3261 885 3333 offensioni.
927 3263 1037 3352 Quod
1067 3263 1200 3356 primus
1232 3257 1476 3330 animadvertit

295 3381 446 3450 Weilius
472 3381 521 3470 (in
542 3383 762 3452 Fleckeisenii
783 3388 913 3456 Annal.
935 3388 1056 3478 philol.
1080 3387 1189 3474 1870).
1213 3386 1247 3453 Is
1266 3381 1359 3453 enim
1390 3379 1475 3448 locis

297 3500 350 3576 his
376 3507 417 3574 de
440 3505 526 3573 falsa
551 3506 649 3597 legat.
673 3507 770 3594 §233
794 3498 994 3594 βουλόμενος
1007 3512 1110 3590 ἀγῶνι
1127 3513 1179 3576 καὶ
1197 3505 1394 3590 ’δικαστηρίῳ
1418 3525 1474 3585 μοι·
1543 3567 1544 3570 ,

298 3629 467 3708 διωρίσθαι
486 3633 560 3711 παρ’
575 3631 667 3711 ὑμῶν
689 3630 738 3726 ὅτι
756 3607 909 3700 τάναντία
931 3634 1002 3714 ἐμοὶ
1024 3634 1076 3698 καὶ
1097 3631 1227 3710 τούτοις
1248 3630 1425 3707 πέπρακται
1440 3639 1474 3691 et

298 3742 333 3813 in
356 3745 546 3839 Dionysod.
570 3749 642 3837 §11
666 3755 842 3833 διαρρήδην
862 3751 957 3833 Ιἡμῶν
980 3753 1220 3832 διορισαμένων
1232 3753 1268 3818 ἐν
1298 3753 1369 3831 ταῖς
1387 3766 1470 3816 συν-

301 3868 414 3949 θήκαις
437 3869 527 3950 ὅπως
549 3863 665 3952 ἡναῡς
688 3877 834 3954 μηδαμοῦ
857 3875 1123 3938 καταπλευσείται
1139 3869 1244 3950 ἀλλ’ἢ
1269 3871 1315 3950 εἰς
1330 3870 1473 3948 Ἀθήνας

297 3986 454 4075 probavit
475 3988 621 4058 verbum
645 3995 779 4076 διορίζια
798 4011 879 4058 cum
894 3995 943 4060 ὅτι
959 4007 992 4057 et
1010 3971 1100 4074 ὅπως
1119 3981 1228 4057 solere
1247 3987 1400 4078 copulari
1415 4009 1473 4054 ne·

202 4088 212 4116 ³
295 4130 362 4196 que
385 4111 500 4178 minus
522 4103 602 4179 curn
625 4109 792 4181 infinitivo
814 4128 874 4180 aut
895 4134 974 4181 curn
998 4111 1190 4180 accusativo
1222 4109 1356 4200 obiecti,
1386 4132 1471 4177 nus-

202 4287 203 4290 ,
252 4279 254 4284 -
298 4252 404 4319 quam
428 4255 510 4302 vero
534 4255 615 4302 cum
638 4233 902 4326 interrogatione
922 4231 1061 4325 obliqua
1077 4258 1138 4327 per
1156 4233 1360 4326 particulam
1380 4236 1407 4302 εἰ
1422 4233 1472 4302 in-

298 4355 411 4424 ducta.
435 4355 514 4424 Hoc
537 4374 611 4426 tum
636 4358 778 4460 demum
802 4360 877 4429 vult
898 4359 970 4428 fieri
989 4382 1102 4450 posse,
1127 4359 1213 4426 si'-
1235 4357 1269 4426 id
1293 4359 1385 4448 quod
1406 4358 1482 4426 hoc.
