3628 5272
793 345 825 360 -
843 315 861 374 3
878 345 911 358 ..

270 441 315 530 (a.
350 441 444 530 1822)
468 440 503 508 in
533 439 647 508 codice
673 441 699 505 Σ
724 439 970 530 perscrutando
995 438 1068 508 iure
1090 438 1278 530 meritoque
1304 463 1428 512 consu-

269 583 410 655 merent,
431 565 559 634 diutius
577 581 692 632 tamen
711 563 746 634 id
760 565 853 654 quod
871 564 1027 633 codici!
1045 586 1126 656 prae
1149 566 1266 635 ceteris
1282 567 1431 637 maxime

268 707 354 762 esset
371 690 551 783 proprium
577 691 678 781 plane
701 688 997 780 praetermississe,
1028 712 1097 779 qua
1120 690 1314 760 conditione
1336 693 1429 762 vide-

267 816 342 886 licet
364 817 473 914 oratio
505 813 693 905 Philippica
726 813 823 882 tertia
848 813 970 883 tradita
1000 831 1098 884 esset.
1128 816 1177 884 De
1202 839 1269 906 qua
1295 817 1428 908 primus

171 955 172 964 ¹
267 962 302 1036 a..
330 939 413 1009 1839
443 939 479 1008 in
507 938 589 1008 actis
622 937 815 1008 academiae
851 937 1068 1008 Monacensis
1104 939 1214 1010 fusius
1245 939 1430 1032 disputavit

267 1065 309 1134 L.
331 1054 542 1155 Spengelius.

312 1189 388 1258 Hac
416 1190 506 1258 enim
541 1188 575 1256 in
603 1186 756 1256 oratione
786 1184 1063 1277 interpolationes
1091 1186 1236 1255 modum
1263 1185 1427 1261 usitatum
1468 1221 1470 1228 s

264 1316 362 1406 longe
389 1311 670 1404 trasgrediuntur.
702 1313 797 1382 Nam
829 1332 909 1378 cum
939 1309 1071 1377 codices
1091 1314 1117 1377 Σ
1136 1325 1168 1378 et
1200 1311 1305 1380 Laut.
1333 1311 1426 1380 haud

264 1459 344 1506 raro
361 1434 555 1506 breviorem·
566 1431 671 1525 quam
684 1434 829 1526 Vulgata
843 1431 1011 1502 eiusmodi
1029 1432 1213 1521 praebeant
1231 1450 1371 1518 textum,
1390 1451 1428 1503 ut

265 1563 398 1654 singula
434 1560 549 1644 verba,
589 1558 785 1650 particulas,
807 1579 999 1650 synonyma
1030 1557 1207 1642 omittant,
1237 1557 1426 1628 orationem
1457 1589 1462 1597 ·

265 1685 491 1777 Philippicam
517 1681 663 1785 tertiam,
692 1683 746 1752 cui
779 1698 906 1751 veteres
936 1681 1023 1750 inter
1056 1680 1263 1774 Philippicas
1295 1673 1423 1752 Demo-

220 1798 224 1810 ’
262 1811 390 1880 sthenis
412 1809 564 1902 primum
591 1808 746 1878 tribuunt
771 1808 896 1894 locum,
923 1805 1081 1875 exhibent
1103 1807 1201 1897 longe
1224 1807 1424 1876 decurtatis-

262 1934 398 2012 simam.
426 1935 546 2023 Neque
570 1931 661 2001 enim
685 1932 721 2001 in
740 1953 780 2000 ea
799 1931 867 2008 iam
887 1932 1020 2022 singula
1040 1931 1162 2000 desunt
1180 1931 1345 2001 vocabula
1365 1932 1425 2001 sed

262 2075 332 2128 tota
356 2058 536 2128 enunciata
561 2057 830 2148 sententiasque,
858 2057 894 2126 in
922 2056 1061 2147 reliquis
1094 2057 1269 2128 codicibus
1293 2037 1449 2126 servata

262 2198 294 2251 et
312 2183 347 2251 in
371 2181 436 2250 illis
459 2203 597 2272 quoque
621 2179 715 2250 libris
741 2203 801 2272 pet
823 2181 907 2251 alias
927 2202 1050 2250 manus
1071 2181 1215 2273 margini
1238 2181 1421 2273 adscripta,

261 2307 315 2375 hic
337 2305 448 2398 prima
472 2327 595 2374 manus
616 2304 741 2374 omisit.
765 2305 884 2394 ltaque
921 2305 1068 2374 dubitari
1097 2328 1167 2374 non
1194 2322 1316 2398 potest,
1339 2305 1422 2398 quin
1484 2341 1485 2344 ¹

261 2431 368 2499 huius
382 2429 544 2498 orationis
575 2450 637 2496 nos
665 2427 853 2497 habeamus
880 2430 965 2498 duas
990 2429 1088 2518 quasi
1115 2432 1283 2520 quasdam
1303 2452 1420 2500 recen-

241 2549 242 2552 '
261 2555 372 2624 siones
391 2571 424 2622 et
441 2553 672 2622 additamenta
691 2553 747 2621 illa
763 2551 910 2645 o'ptimas
932 2553 1083 2646 profecto
1109 2553 1209 2624 nobis
1232 2555 1277 2624 ad
1305 2532 1420 2624 recen-

256 2661 404 2762 'sendum
428 2678 695 2748 Demosthenem
713 2699 814 2746 ansas
846 2680 1041 2769 praebeant.
1071 2678 1212 2767 Quodsi
1232 2679 1274 2748 de
1292 2679 1422 2772 ratione
1496 2723 1500 2728 *

259 2827 346 2895 quae
368 2805 454 2873 inter
467 2802 553 2870 duas
566 2803 638 2870 illas
658 2801 795 2870 interest
811 2803 975 2873 orationis
997 2803 1205 2896 Philippicae
1227 2804 1280 2872 ΙΙΙ
1302 2826 1419 2874 recen-

246 2901 371 2998 siones
394 2927 574 2998 ferendum
597 2944 647 2996 est
672 2927 852 3016 iudicium,
882 2929 947 3000 hoc
971 2929 1041 2998 iam
1060 2917 1182 3022 agitur,
1216 2947 1332 2998 utrum
1357 2930 1420 3001 hac
1462 2903 1465 2911 ¹

258 3052 300 3120 de
318 3074 354 3120 re
373 3073 461 3120 nova
480 3051 634 3141 quaestio
666 3049 764 3118 novis
798 3050 960 3120 adhibitis
980 3052 1171 3121 rationibus
1200 3051 1419 3141 instituenda,

258 3198 303 3244 an
322 3176 364 3244 de
382 3149 483 3244 variis
511 3174 712 3243 lectionibus
735 3174 798 3242 hac
831 3174 865 3243 in
889 3175 1042 3244 oratione
1074 3168 1356 3267 frequentissimis
1376 3177 1419 3246 ad

258 3300 459 3370 usitatarum
479 3297 713 3389 leviorumque
744 3296 1000 3368 similitudinem
1025 3299 1282 3371 diiudicandum
1301 3300 1355 3370 sit.

302 3423 370 3496 Sed
393 3445 473 3492 cum
492 3422 555 3492 viri
575 3422 664 3492 docti
687 3423 721 3492 in
745 3423 969 3514 persolvenda
1000 3425 1063 3493 hac
1091 3425 1288 3515 quaestione
1311 3449 1420 3517 usque

258 3547 416 3618 adhunc
441 3546 531 3616 diem
554 3547 681 3616 frustra
705 3547 957 3637 desudaverint,
983 3571 1052 3618 non
1072 3551 1137 3619 hoc
1160 3549 1244 3618 mihi
1263 3568 1417 3641 spectan-

258 3673 342 3742 dum
365 3695 437 3743 esse
461 3695 594 3762 cense0,
622 3688 659 3740 ut
679 3673 724 3741 ad
745 3649 1096 3744 omnes-amovendas
1119 3673 1330 3745 difficultates
1355 3699 1417 3746 no-

256 3819 334 3865 vam
359 3796 400 3864 de
424 3797 596 3864 variarum
622 3796 804 3866 lectionum
828 3815 905 3866 ortu
928 3798 1101 3888 proferam
1122 3800 1337 3889 sententiam,
1360 3803 1419 3871 sed

256 3919 352 4010 illud,
378 3935 415 3988 ut
439 3941 545 3988 unam
563 3942 603 3988 ex
627 3907 744 3988 earum
769 3942 856 4010 quae
874 3920 943 3990 iam
962 3923 1155 4014 propositae
1176 3941 1256 3992 sunt
1275 3901 1418 3994 numero

256 4042 508 4134 circumspectis
533 4043 636 4112 rebus
661 4044 822 4113 omnibus
845 4045 1034 4114 accuratius
1063 4049 1305 4140 comprobem,
1340 4073 1416 4142 gra-

187 4151 192 4156 ’
255 4169 408 4238 rioribus
431 4168 571 4237 fulciam
589 4169 796 4260 argumentis
807 4185 843 4238 'et
860 4170 905 4240 ab
923 4171 1197 4242 adversariorum
1217 4173 1417 4246 criminibus

255 4291 448 4361 defendam.
469 4291 735 4368 Percenseomus
755 4292 874 4384 igitur
900 4294 1020 4364 varios
1042 4297 1202 4366 virorum
1234 4299 1417 4371 doctorum

255 4415 442 4485 sententias
467 4415 532 4495 ita,
560 4425 599 4484 ut
625 4437 697 4485 enm
712 4428 891 4509 postremo
912 4428 1083 4489 teneamus
1102 4443 1239 4514 eamque
1259 4432 1419 4492 tueamur
