<?xml version="1.0" encoding="UTF-8"?>
<!DOCTYPE html PUBLIC "-//W3C//DTD XHTML 1.0 Transitional//EN"
    "http://www.w3.org/TR/xhtml1/DTD/xhtml1-transitional.dtd">
<html xmlns="http://www.w3.org/1999/xhtml" xml:lang="en" lang="en">
 <head>
  <title>
</title>
<meta http-equiv="Content-Type" content="text/html;charset=utf-8" />
  <meta name='ocr-system' content='tesseract 3.04.00' />
  <meta name='ocr-capabilities' content='ocr_page ocr_carea ocr_par ocr_line ocrx_word'/>
</head>
<body>
  <div class='ocr_page' id='page_1' title='image "./quastiocriticad00draegoog_0025.png"; bbox 0 0 3628 5272; ppageno 0'>
   <div class='ocr_carea' id='block_1_1' title="bbox 358 323 1665 2518">
    <p class='ocr_par' dir='ltr' id='par_1_1' title="bbox 403 323 1638 1015">
     <span class='ocr_line' id='line_1_1' title="bbox 940 323 1073 381; baseline 0.023 -17"><span class='ocrx_word' id='word_1_1' title='bbox 940 323 1073 381; x_wconf 73' lang='lat'>..16-</span> 
     </span>
     <span class='ocr_line' id='line_1_2' title="bbox 425 444 1583 535; baseline -0.002 -17"><span class='ocrx_word' id='word_1_2' title='bbox 425 466 545 535; x_wconf 83' lang='grc' dir='ltr'>νησον,</span> <span class='ocrx_word' id='word_1_3' title='bbox 562 449 608 529; x_wconf 83' lang='grc' dir='ltr'>εἷς</span> <span class='ocrx_word' id='word_1_4' title='bbox 618 447 742 527; x_wconf 83' lang='grc' dir='ltr'>Ῥόδον,</span> <span class='ocrx_word' id='word_1_5' title='bbox 754 445 799 526; x_wconf 86' lang='grc' dir='ltr'>εἰς</span> <span class='ocrx_word' id='word_1_6' title='bbox 810 445 901 527; x_wconf 85' lang='grc' dir='ltr'>Χίον,</span> <span class='ocrx_word' id='word_1_7' title='bbox 916 447 962 527; x_wconf 80' lang='grc' dir='ltr'>ὡς</span> <span class='ocrx_word' id='word_1_8' title='bbox 973 447 1105 530; x_wconf 81' lang='grc' dir='ltr'>βασιλέα</span> <span class='ocrx_word' id='word_1_9' title='bbox 1120 447 1213 528; x_wconf 83' lang='grc' dir='ltr'>λέγω,</span> <span class='ocrx_word' id='word_1_10' title='bbox 1227 446 1302 514; x_wconf 84' lang='grc' dir='ltr'>οὐδὲ</span> <span class='ocrx_word' id='word_1_11' title='bbox 1316 444 1379 527; x_wconf 86' lang='grc' dir='ltr'>γὰρ</span> <span class='ocrx_word' id='word_1_12' title='bbox 1386 448 1453 514; x_wconf 86' lang='grc' dir='ltr'>τῶν</span> <span class='ocrx_word' id='word_1_13' title='bbox 1469 446 1583 534; x_wconf 84' lang='grc' dir='ltr'>ἐκείνῳ</span> 
     </span>
     <span class='ocr_line' id='line_1_3' title="bbox 425 551 1601 655; baseline -0.002 -17"><span class='ocrx_word' id='word_1_14' title='bbox 425 551 664 654; x_wconf 84' lang='grc' dir='ltr'>συμφερόντων</span> <span class='ocrx_word' id='word_1_15' title='bbox 677 568 840 652; x_wconf 88' lang='grc' dir='ltr'>ἀφέστηκε</span> <span class='ocrx_word' id='word_1_16' title='bbox 854 569 947 653; x_wconf 69' lang='grc' dir='ltr'>τὸμὴ</span> <span class='ocrx_word' id='word_1_17' title='bbox 960 573 1078 638; x_wconf 85' lang='grc' dir='ltr'>τοῦτον</span> <span class='ocrx_word' id='word_1_18' title='bbox 1086 569 1179 635; x_wconf 82' lang='grc' dir='ltr'>ἐᾶσαι</span> <span class='ocrx_word' id='word_1_19' title='bbox 1186 568 1290 634; x_wconf 87' lang='grc' dir='ltr'>πάντα</span> <span class='ocrx_word' id='word_1_20' title='bbox 1301 569 1586 655; x_wconf 81' lang='grc' dir='ltr'>καταστρέψαθαι],</span> <span class='ocrx_word' id='word_1_21' title='bbox 1598 576 1601 586; x_wconf 65' lang='lat'><em>⁴</em></span> 
     </span>
     <span class='ocr_line' id='line_1_4' title="bbox 403 690 1638 774; baseline -0.001 -14"><span class='ocrx_word' id='word_1_22' title='bbox 403 693 466 760; x_wconf 81' lang='grc' dir='ltr'>-ἵν’</span> <span class='ocrx_word' id='word_1_23' title='bbox 495 693 552 759; x_wconf 85' lang='grc' dir='ltr'>ἐὰν</span> <span class='ocrx_word' id='word_1_24' title='bbox 580 694 637 774; x_wconf 81' lang='grc' dir='ltr'>μὲν</span> <span class='ocrx_word' id='word_1_25' title='bbox 659 692 804 773; x_wconf 85' lang='grc' dir='ltr'>πείσητε,</span> <span class='ocrx_word' id='word_1_26' title='bbox 833 692 1014 773; x_wconf 82' lang='grc' dir='ltr'>κοινωνοὺς</span> <span class='ocrx_word' id='word_1_27' title='bbox 1048 691 1145 771; x_wconf 83' lang='grc' dir='ltr'>ἔχητε.</span> <span class='ocrx_word' id='word_1_28' title='bbox 1175 690 1314 756; x_wconf 83' lang='grc' dir='ltr'>καὶτῶν</span> <span class='ocrx_word' id='word_1_29' title='bbox 1343 690 1501 757; x_wconf 86' lang='grc' dir='ltr'>κινδύνων</span> <span class='ocrx_word' id='word_1_30' title='bbox 1536 691 1588 757; x_wconf 88' lang='grc' dir='ltr'>καὶ</span> <span class='ocrx_word' id='word_1_31' title='bbox 1633 750 1638 760; x_wconf 90' lang='grc'><strong>.</strong></span> 
     </span>
     <span class='ocr_line' id='line_1_5' title="bbox 425 811 1587 897; baseline -0.003 -17"><span class='ocrx_word' id='word_1_32' title='bbox 425 818 491 880; x_wconf 87' lang='grc' dir='ltr'>τῶν</span> <span class='ocrx_word' id='word_1_33' title='bbox 515 812 735 894; x_wconf 81' lang='grc' dir='ltr'>ἀναλωμάτων</span> <span class='ocrx_word' id='word_1_34' title='bbox 757 811 798 880; x_wconf 90' lang='grc' dir='ltr'>ἄν</span> <span class='ocrx_word' id='word_1_35' title='bbox 819 832 848 878; x_wconf 86' lang='grc' dir='ltr'>τι</span> <span class='ocrx_word' id='word_1_36' title='bbox 870 814 936 897; x_wconf 82' lang='grc' dir='ltr'>δέῃ,</span> <span class='ocrx_word' id='word_1_37' title='bbox 961 811 989 878; x_wconf 86' lang='grc' dir='ltr'>εἰ</span> <span class='ocrx_word' id='word_1_38' title='bbox 1011 813 1048 880; x_wconf 83' lang='grc' dir='ltr'>δὲ</span> <span class='ocrx_word' id='word_1_39' title='bbox 1071 812 1121 894; x_wconf 84' lang='grc' dir='ltr'>μή,</span> <span class='ocrx_word' id='word_1_40' title='bbox 1144 811 1285 891; x_wconf 85' lang='grc' dir='ltr'>χρόνους</span> <span class='ocrx_word' id='word_1_41' title='bbox 1298 832 1335 891; x_wconf 80' lang='grc' dir='ltr'>γε</span> <span class='ocrx_word' id='word_1_42' title='bbox 1350 813 1502 896; x_wconf 83' lang='grc' dir='ltr'>ἐμποιῆτε</span> <span class='ocrx_word' id='word_1_43' title='bbox 1517 814 1587 892; x_wconf 88' lang='grc' dir='ltr'>τοῖς</span> 
     </span>
     <span class='ocr_line' id='line_1_6' title="bbox 424 933 647 1015; baseline 0.036 -16"><span class='ocrx_word' id='word_1_44' title='bbox 424 933 647 1015; x_wconf 81' lang='grc' dir='ltr'>πράγμασιν,</span> 
     </span>
    </p>

    <p class='ocr_par' dir='ltr' id='par_1_2' title="bbox 358 1055 1665 2518">
     <span class='ocr_line' id='line_1_7' title="bbox 473 1055 1587 1154; baseline 0.006 -30"><span class='ocrx_word' id='word_1_45' title='bbox 473 1055 582 1144; x_wconf 90' lang='lat' dir='ltr'>Quod</span> <span class='ocrx_word' id='word_1_46' title='bbox 595 1057 737 1144; x_wconf 85' lang='lat' dir='ltr'>suadeat</span> <span class='ocrx_word' id='word_1_47' title='bbox 753 1074 868 1128; x_wconf 89' lang='lat' dir='ltr'>orator</span> <span class='ocrx_word' id='word_1_48' title='bbox 877 1075 915 1128; x_wconf 93' lang='lat' dir='ltr'>ut</span> <span class='ocrx_word' id='word_1_49' title='bbox 936 1059 980 1129; x_wconf 90' lang='lat' dir='ltr'>ad</span> <span class='ocrx_word' id='word_1_50' title='bbox 1001 1059 1186 1130; x_wconf 85' lang='lat' dir='ltr'>Persarum</span> <span class='ocrx_word' id='word_1_51' title='bbox 1206 1083 1318 1153; x_wconf 88' lang='lat' dir='ltr'>regem</span> <span class='ocrx_word' id='word_1_52' title='bbox 1332 1060 1432 1154; x_wconf 89' lang='lat' dir='ltr'>legati</span> <span class='ocrx_word' id='word_1_53' title='bbox 1452 1059 1587 1131; x_wconf 87' lang='lat' dir='ltr'>mittan·</span> 
     </span>
     <span class='ocr_line' id='line_1_8' title="bbox 426 1161 1586 1278; baseline 0.007 -31"><span class='ocrx_word' id='word_1_54' title='bbox 426 1195 481 1248; x_wconf 90' lang='lat' dir='ltr'>tur</span> <span class='ocrx_word' id='word_1_55' title='bbox 503 1197 536 1249; x_wconf 90' lang='lat' dir='ltr'>et</span> <span class='ocrx_word' id='word_1_56' title='bbox 558 1203 618 1250; x_wconf 91' lang='lat' dir='ltr'>cur</span> <span class='ocrx_word' id='word_1_57' title='bbox 645 1181 690 1251; x_wconf 89' lang='lat' dir='ltr'>ita</span> <span class='ocrx_word' id='word_1_58' title='bbox 716 1200 851 1254; x_wconf 88' lang='lat' dir='ltr'>censeat</span> <span class='ocrx_word' id='word_1_59' title='bbox 881 1162 1100 1276; x_wconf 88' lang='lat' dir='ltr'>aptissimam</span> <span class='ocrx_word' id='word_1_60' title='bbox 1123 1161 1306 1278; x_wconf 78' lang='lat' dir='ltr'>subiungas</span> <span class='ocrx_word' id='word_1_61' title='bbox 1337 1187 1520 1268; x_wconf 87' lang='lat' dir='ltr'>rationem,</span> <span class='ocrx_word' id='word_1_62' title='bbox 1551 1185 1586 1255; x_wconf 92' lang='lat' dir='ltr'>id</span> 
     </span>
     <span class='ocr_line' id='line_1_9' title="bbox 425 1301 1648 1410; baseline 0.003 -36"><span class='ocrx_word' id='word_1_63' title='bbox 425 1301 625 1394; x_wconf 87' lang='lat' dir='ltr'>Spengelius</span> <span class='ocrx_word' id='word_1_64' title='bbox 657 1307 830 1376; x_wconf 86' lang='lat' dir='ltr'>contendit</span> <span class='ocrx_word' id='word_1_65' title='bbox 852 1331 931 1376; x_wconf 89' lang='lat' dir='ltr'>vere</span> <span class='ocrx_word' id='word_1_66' title='bbox 963 1330 1035 1378; x_wconf 91' lang='lat' dir='ltr'>esse</span> <span class='ocrx_word' id='word_1_67' title='bbox 1059 1308 1374 1380; x_wconf 82' lang='lat' dir='ltr'><strong>Demosthenicum.</strong></span> <span class='ocrx_word' id='word_1_68' title='bbox 1407 1309 1475 1382; x_wconf 86' lang='lat' dir='ltr'>Sed</span> <span class='ocrx_word' id='word_1_69' title='bbox 1506 1332 1586 1378; x_wconf 90' lang='lat' dir='ltr'>cum</span> <span class='ocrx_word' id='word_1_70' title='bbox 1643 1399 1648 1410; x_wconf 16' lang='grc' dir='ltr'><strong>ἢ</strong></span> 
     </span>
     <span class='ocr_line' id='line_1_10' title="bbox 425 1426 1587 1521; baseline 0.005 -25"><span class='ocrx_word' id='word_1_71' title='bbox 425 1426 537 1519; x_wconf 90' lang='lat' dir='ltr'>priore</span> <span class='ocrx_word' id='word_1_72' title='bbox 563 1428 792 1521; x_wconf 86' lang='lat' dir='ltr'>disputatione</span> <span class='ocrx_word' id='word_1_73' title='bbox 814 1453 878 1499; x_wconf 89' lang='lat' dir='ltr'>sua</span> <span class='ocrx_word' id='word_1_74' title='bbox 899 1431 1062 1500; x_wconf 87' lang='lat' dir='ltr'>concedat</span> <span class='ocrx_word' id='word_1_75' title='bbox 1087 1433 1290 1502; x_wconf 86' lang='lat' dir='ltr'><strong>sententiam</strong></span> <span class='ocrx_word' id='word_1_76' title='bbox 1313 1434 1415 1503; x_wconf 87' lang='lat' dir='ltr'>etiam</span> <span class='ocrx_word' id='word_1_77' title='bbox 1438 1434 1510 1503; x_wconf 90' lang='lat' dir='ltr'>sine</span> <span class='ocrx_word' id='word_1_78' title='bbox 1537 1435 1587 1502; x_wconf 93' lang='lat' dir='ltr'>lo-</span> 
     </span>
     <span class='ocr_line' id='line_1_11' title="bbox 425 1552 1584 1650; baseline 0.009 -32"><span class='ocrx_word' id='word_1_79' title='bbox 425 1571 545 1620; x_wconf 90' lang='lat' dir='ltr'>corum</span> <span class='ocrx_word' id='word_1_80' title='bbox 571 1552 897 1622; x_wconf 86' lang='lat' dir='ltr'>commemoratione</span> <span class='ocrx_word' id='word_1_81' title='bbox 925 1554 1086 1624; x_wconf 92' lang='lat' dir='ltr'>omnibus</span> <span class='ocrx_word' id='word_1_82' title='bbox 1118 1557 1270 1625; x_wconf 90' lang='lat' dir='ltr'>numeris</span> <span class='ocrx_word' id='word_1_83' title='bbox 1289 1579 1361 1626; x_wconf 91' lang='lat' dir='ltr'>esse</span> <span class='ocrx_word' id='word_1_84' title='bbox 1388 1557 1584 1650; x_wconf 84' lang='lat' dir='ltr'>perfectam,</span> 
     </span>
     <span class='ocr_line' id='line_1_12' title="bbox 358 1675 1585 1769; baseline 0.005 -23"><span class='ocrx_word' id='word_1_85' title='bbox 358 1743 359 1746; x_wconf 74' lang='grc'>,</span> <span class='ocrx_word' id='word_1_86' title='bbox 424 1675 610 1766; x_wconf 87' lang='lat' dir='ltr'>posteriore</span> <span class='ocrx_word' id='word_1_87' title='bbox 635 1677 733 1769; x_wconf 88' lang='lat' dir='ltr'>longe</span> <span class='ocrx_word' id='word_1_88' title='bbox 757 1676 852 1746; x_wconf 86' lang='lat' dir='ltr'>aliter</span> <span class='ocrx_word' id='word_1_89' title='bbox 875 1676 985 1747; x_wconf 87' lang='lat' dir='ltr'>sentit.</span> <span class='ocrx_word' id='word_1_90' title='bbox 1014 1677 1149 1748; x_wconf 89' lang='lat' dir='ltr'>Etenim</span> <span class='ocrx_word' id='word_1_91' title='bbox 1173 1703 1252 1750; x_wconf 91' lang='lat' dir='ltr'>cum</span> <span class='ocrx_word' id='word_1_92' title='bbox 1281 1681 1410 1751; x_wconf 87' lang='lat' dir='ltr'>insulae</span> <span class='ocrx_word' id='word_1_93' title='bbox 1439 1683 1585 1754; x_wconf 90' lang='lat' dir='ltr'>Rhodus</span> 
     </span>
     <span class='ocr_line' id='line_1_13' title="bbox 424 1797 1665 1898; baseline 0.007 -32"><span class='ocrx_word' id='word_1_94' title='bbox 424 1814 456 1866; x_wconf 91' lang='lat' dir='ltr'>et</span> <span class='ocrx_word' id='word_1_95' title='bbox 479 1797 587 1868; x_wconf 90' lang='lat' dir='ltr'>Chius</span> <span class='ocrx_word' id='word_1_96' title='bbox 606 1800 733 1868; x_wconf 86' lang='lat' dir='ltr'>amissa</span> <span class='ocrx_word' id='word_1_97' title='bbox 756 1799 907 1869; x_wconf 86' lang='lat' dir='ltr'>libertate</span> <span class='ocrx_word' id='word_1_98' title='bbox 931 1800 965 1870; x_wconf 93' lang='lat' dir='ltr'>id</span> <span class='ocrx_word' id='word_1_99' title='bbox 986 1801 1150 1893; x_wconf 92' lang='lat' dir='ltr'>temporis</span> <span class='ocrx_word' id='word_1_100' title='bbox 1174 1804 1208 1871; x_wconf 94' lang='lat' dir='ltr'>in</span> <span class='ocrx_word' id='word_1_101' title='bbox 1229 1803 1331 1873; x_wconf 93' lang='lat' dir='ltr'>Idriei</span> <span class='ocrx_word' id='word_1_102' title='bbox 1354 1805 1496 1897; x_wconf 84' lang='lat' dir='ltr'>satrapis</span> <span class='ocrx_word' id='word_1_103' title='bbox 1519 1805 1586 1874; x_wconf 83' lang='lat' dir='ltr'>Ca·</span> <span class='ocrx_word' id='word_1_104' title='bbox 1658 1889 1665 1898; x_wconf 28' lang='lat' dir='ltr'><strong><em>s</em></strong></span> 
     </span>
     <span class='ocr_line' id='line_1_14' title="bbox 412 1922 1587 2021; baseline 0.006 -30"><span class='ocrx_word' id='word_1_105' title='bbox 412 1922 505 2021; x_wconf 63' lang='lat' dir='ltr'>riae,</span> <span class='ocrx_word' id='word_1_106' title='bbox 532 1925 682 1993; x_wconf 87' lang='lat' dir='ltr'>Mausoli</span> <span class='ocrx_word' id='word_1_107' title='bbox 697 1925 822 2013; x_wconf 79' lang='lat' dir='ltr'>fratris,</span> <span class='ocrx_word' id='word_1_108' title='bbox 840 1943 1004 2018; x_wconf 86' lang='lat' dir='ltr'>potestate</span> <span class='ocrx_word' id='word_1_109' title='bbox 1028 1927 1166 2016; x_wconf 85' lang='lat' dir='ltr'>fuerint,</span> <span class='ocrx_word' id='word_1_110' title='bbox 1185 1926 1282 1996; x_wconf 87' lang='lat' dir='ltr'>itaut</span> <span class='ocrx_word' id='word_1_111' title='bbox 1300 1951 1417 1999; x_wconf 89' lang='lat' dir='ltr'>earum</span> <span class='ocrx_word' id='word_1_112' title='bbox 1437 1943 1587 1998; x_wconf 90' lang='lat' dir='ltr'>comme-</span> 
     </span>
     <span class='ocr_line' id='line_1_15' title="bbox 424 2039 1627 2144; baseline 0.005 -30"><span class='ocrx_word' id='word_1_113' title='bbox 424 2046 570 2116; x_wconf 77' lang='lat' dir='ltr'>motatio</span> <span class='ocrx_word' id='word_1_114' title='bbox 594 2047 736 2116; x_wconf 89' lang='lat' dir='ltr'>difficilis</span> <span class='ocrx_word' id='word_1_115' title='bbox 760 2049 803 2117; x_wconf 90' lang='lat' dir='ltr'>sit</span> <span class='ocrx_word' id='word_1_116' title='bbox 827 2067 929 2140; x_wconf 87' lang='lat' dir='ltr'>atque</span> <span class='ocrx_word' id='word_1_117' title='bbox 952 2073 1094 2143; x_wconf 91' lang='lat' dir='ltr'>prorsus</span> <span class='ocrx_word' id='word_1_118' title='bbox 1118 2050 1372 2142; x_wconf 85' lang='lat' dir='ltr'>inexplicabilis,</span> <span class='ocrx_word' id='word_1_119' title='bbox 1400 2051 1583 2144; x_wconf 88' lang='lat' dir='ltr'>interpola·</span> <span class='ocrx_word' id='word_1_120' title='bbox 1626 2039 1627 2048; x_wconf 9' lang='grc' dir='ltr'>ἵ</span> 
     </span>
     <span class='ocr_line' id='line_1_16' title="bbox 424 2169 1586 2266; baseline 0.007 -30"><span class='ocrx_word' id='word_1_121' title='bbox 424 2169 551 2264; x_wconf 90' lang='lat' dir='ltr'>tionem</span> <span class='ocrx_word' id='word_1_122' title='bbox 577 2187 722 2241; x_wconf 88' lang='lat' dir='ltr'>statuere</span> <span class='ocrx_word' id='word_1_123' title='bbox 744 2195 812 2242; x_wconf 89' lang='lat' dir='ltr'>non</span> <span class='ocrx_word' id='word_1_124' title='bbox 837 2173 982 2244; x_wconf 88' lang='lat' dir='ltr'>dubitat.</span> <span class='ocrx_word' id='word_1_125' title='bbox 996 2176 1127 2245; x_wconf 85' lang='lat' dir='ltr'>Eadem</span> <span class='ocrx_word' id='word_1_126' title='bbox 1144 2176 1186 2244; x_wconf 90' lang='lat' dir='ltr'>de</span> <span class='ocrx_word' id='word_1_127' title='bbox 1199 2197 1302 2244; x_wconf 90' lang='lat' dir='ltr'>causa</span> <span class='ocrx_word' id='word_1_128' title='bbox 1317 2192 1349 2244; x_wconf 93' lang='lat' dir='ltr'>et</span> <span class='ocrx_word' id='word_1_129' title='bbox 1365 2175 1445 2266; x_wconf 88' lang='lat' dir='ltr'>quia</span> <span class='ocrx_word' id='word_1_130' title='bbox 1464 2176 1586 2245; x_wconf 90' lang='lat' dir='ltr'>desunt</span> 
     </span>
     <span class='ocr_line' id='line_1_17' title="bbox 424 2281 1582 2396; baseline 0.004 -31"><span class='ocrx_word' id='word_1_131' title='bbox 424 2297 526 2365; x_wconf 86' lang='lat' dir='ltr'>verba</span> <span class='ocrx_word' id='word_1_132' title='bbox 548 2295 583 2365; x_wconf 94' lang='lat' dir='ltr'>in</span> <span class='ocrx_word' id='word_1_133' title='bbox 614 2320 667 2388; x_wconf 88' lang='lat' dir='ltr'>pr.</span> <span class='ocrx_word' id='word_1_134' title='bbox 701 2302 726 2364; x_wconf 88' lang='grc' dir='ltr'>Σ</span> <span class='ocrx_word' id='word_1_135' title='bbox 759 2297 904 2396; x_wconf 86' lang='lat' dir='ltr'>editores</span> <span class='ocrx_word' id='word_1_136' title='bbox 936 2299 1153 2389; x_wconf 83' lang='lat' dir='ltr'>Turicenses‚</span> <span class='ocrx_word' id='word_1_137' title='bbox 1187 2298 1369 2388; x_wconf 83' lang='lat' dir='ltr'>Frankius‚</span> <span class='ocrx_word' id='word_1_138' title='bbox 1398 2281 1582 2392; x_wconf 83' lang='lat' dir='ltr'>Bekkerus‚</span> 
     </span>
     <span class='ocr_line' id='line_1_18' title="bbox 424 2422 1580 2518; baseline 0.004 -27"><span class='ocrx_word' id='word_1_139' title='bbox 424 2422 711 2512; x_wconf 72' lang='lat' dir='ltr'>Funlrhaenelius‚</span> <span class='ocrx_word' id='word_1_140' title='bbox 737 2423 1037 2518; x_wconf 84' lang='lat' dir='ltr'>Westermannus‚</span> <span class='ocrx_word' id='word_1_141' title='bbox 1066 2425 1279 2515; x_wconf 85' lang='lat' dir='ltr'>Benselerus,</span> <span class='ocrx_word' id='word_1_142' title='bbox 1306 2448 1346 2494; x_wconf 88' lang='lat' dir='ltr'>ea</span> <span class='ocrx_word' id='word_1_143' title='bbox 1371 2426 1580 2496; x_wconf 84' lang='lat' dir='ltr'>deleverunt.</span> 
     </span>
    </p>
   </div>
   <div class='ocr_carea' id='block_1_2' title="bbox 337 2543 1585 2658">
    <p class='ocr_par' dir='ltr' id='par_1_3' title="bbox 337 2543 1585 2658">
     <span class='ocr_line' id='line_1_19' title="bbox 337 2543 1585 2658; baseline 0.003 -44"><span class='ocrx_word' id='word_1_144' title='bbox 337 2641 339 2658; x_wconf 29' lang='lat' dir='ltr'><em>r</em></span> <span class='ocrx_word' id='word_1_145' title='bbox 423 2543 552 2614; x_wconf 85' lang='lat' dir='ltr'>Contra</span> <span class='ocrx_word' id='word_1_146' title='bbox 576 2545 790 2636; x_wconf 80' lang='lat' dir='ltr'>Voemelius,</span> <span class='ocrx_word' id='word_1_147' title='bbox 825 2546 884 2636; x_wconf 89' lang='lat' dir='ltr'>qui</span> <span class='ocrx_word' id='word_1_148' title='bbox 917 2546 1068 2640; x_wconf 84' lang='lat' dir='ltr'>alioquin</span> <span class='ocrx_word' id='word_1_149' title='bbox 1100 2568 1180 2616; x_wconf 93' lang='lat' dir='ltr'>cum</span> <span class='ocrx_word' id='word_1_150' title='bbox 1216 2547 1401 2640; x_wconf 88' lang='lat' dir='ltr'>pertinacia</span> <span class='ocrx_word' id='word_1_151' title='bbox 1435 2550 1585 2640; x_wconf 87' lang='lat' dir='ltr'>quadam</span> 
     </span>
    </p>
   </div>
   <div class='ocr_carea' id='block_1_3' title="bbox 422 2669 1585 2903">
    <p class='ocr_par' dir='ltr' id='par_1_4' title="bbox 422 2669 1585 2903">
     <span class='ocr_line' id='line_1_20' title="bbox 422 2669 1585 2760; baseline 0.003 -22"><span class='ocrx_word' id='word_1_152' title='bbox 422 2670 573 2743; x_wconf 91' lang='lat' dir='ltr'>codicem</span> <span class='ocrx_word' id='word_1_153' title='bbox 596 2675 621 2753; x_wconf 86' lang='grc' dir='ltr'>Σ</span> <span class='ocrx_word' id='word_1_154' title='bbox 640 2671 804 2760; x_wconf 85' lang='lat' dir='ltr'>sequitur,</span> <span class='ocrx_word' id='word_1_155' title='bbox 820 2669 1091 2740; x_wconf 88' lang='lat' dir='ltr'>additamentum</span> <span class='ocrx_word' id='word_1_156' title='bbox 1110 2671 1145 2740; x_wconf 91' lang='lat' dir='ltr'>in</span> <span class='ocrx_word' id='word_1_157' title='bbox 1168 2676 1193 2738; x_wconf 93' lang='grc' dir='ltr'>Σ</span> <span class='ocrx_word' id='word_1_158' title='bbox 1216 2671 1355 2742; x_wconf 91' lang='lat' dir='ltr'>demum</span> <span class='ocrx_word' id='word_1_159' title='bbox 1376 2681 1480 2742; x_wconf 88' lang='lat' dir='ltr'>manu</span> <span class='ocrx_word' id='word_1_160' title='bbox 1500 2673 1585 2742; x_wconf 94' lang='lat' dir='ltr'>XIV</span> 
     </span>
     <span class='ocr_line' id='line_1_21' title="bbox 422 2794 1583 2903; baseline 0.001 -41"><span class='ocrx_word' id='word_1_161' title='bbox 422 2794 546 2862; x_wconf 85' lang='lat' dir='ltr'>saeculi</span> <span class='ocrx_word' id='word_1_162' title='bbox 569 2796 763 2886; x_wconf 89' lang='lat' dir='ltr'>suppletum</span> <span class='ocrx_word' id='word_1_163' title='bbox 787 2796 858 2863; x_wconf 91' lang='lat' dir='ltr'>vult</span> <span class='ocrx_word' id='word_1_164' title='bbox 877 2818 949 2863; x_wconf 93' lang='lat' dir='ltr'>esse</span> <span class='ocrx_word' id='word_1_165' title='bbox 973 2795 1172 2887; x_wconf 91' lang='lat' dir='ltr'>genuinum.</span> <span class='ocrx_word' id='word_1_166' title='bbox 1194 2794 1252 2863; x_wconf 84' lang='lat' dir='ltr'>Ad</span> <span class='ocrx_word' id='word_1_167' title='bbox 1266 2795 1340 2903; x_wconf 29' lang='lat' dir='ltr'>‘hoc</span> <span class='ocrx_word' id='word_1_168' title='bbox 1364 2795 1583 2886; x_wconf 89' lang='lat' dir='ltr'>probandum</span> 
     </span>
    </p>
   </div>
   <div class='ocr_carea' id='block_1_4' title="bbox 421 2919 1807 3010">
    <p class='ocr_par' dir='ltr' id='par_1_5' title="bbox 421 2919 1807 3010">
     <span class='ocr_line' id='line_1_22' title="bbox 421 2919 1807 3010; baseline 0.001 -24"><span class='ocrx_word' id='word_1_169' title='bbox 421 2935 535 2987; x_wconf 92' lang='lat' dir='ltr'>tamen</span> <span class='ocrx_word' id='word_1_170' title='bbox 558 2935 629 2987; x_wconf 91' lang='lat' dir='ltr'>tam</span> <span class='ocrx_word' id='word_1_171' title='bbox 653 2919 778 2988; x_wconf 92' lang='lat' dir='ltr'>mirum</span> <span class='ocrx_word' id='word_1_172' title='bbox 797 2919 959 3010; x_wconf 88' lang='lat' dir='ltr'>confingit</span> <span class='ocrx_word' id='word_1_173' title='bbox 980 2920 1111 2989; x_wconf 89' lang='lat' dir='ltr'>scribae</span> <span class='ocrx_word' id='word_1_174' title='bbox 1136 2938 1308 3008; x_wconf 85' lang='lat' dir='ltr'>errorem,</span> <span class='ocrx_word' id='word_1_175' title='bbox 1335 2935 1373 2987; x_wconf 91' lang='lat' dir='ltr'>ut</span> <span class='ocrx_word' id='word_1_176' title='bbox 1404 2919 1476 2987; x_wconf 90' lang='lat' dir='ltr'>iure</span> <span class='ocrx_word' id='word_1_177' title='bbox 1503 2941 1582 2988; x_wconf 90' lang='lat' dir='ltr'>eum</span> <span class='ocrx_word' id='word_1_178' title='bbox 1692 2942 1697 2956; x_wconf 92' lang='lat'><strong>·</strong></span> <span class='ocrx_word' id='word_1_179' title='bbox 1806 2941 1807 2964; x_wconf 54' lang='grc' dir='ltr'>ι</span> 
     </span>
    </p>
   </div>
   <div class='ocr_carea' id='block_1_5' title="bbox 417 3043 1607 4478">
    <p class='ocr_par' dir='ltr' id='par_1_6' title="bbox 417 3043 1607 4478">
     <span class='ocr_line' id='line_1_23' title="bbox 423 3043 1579 3135; baseline 0 -24"><span class='ocrx_word' id='word_1_180' title='bbox 423 3043 530 3112; x_wconf 90' lang='lat' dir='ltr'>rideat</span> <span class='ocrx_word' id='word_1_181' title='bbox 548 3043 747 3135; x_wconf 89' lang='lat' dir='ltr'>Spengelius</span> <span class='ocrx_word' id='word_1_182' title='bbox 764 3049 795 3128; x_wconf 79' lang='lat' dir='ltr'>l«</span> <span class='ocrx_word' id='word_1_183' title='bbox 815 3043 877 3113; x_wconf 88' lang='lat' dir='ltr'>Die</span> <span class='ocrx_word' id='word_1_184' title='bbox 897 3048 1101 3129; x_wconf 85' lang='grc' dir='ltr'>Δημηγορίαι</span> <span class='ocrx_word' id='word_1_185' title='bbox 1111 3043 1169 3111; x_wconf 90' lang='lat' dir='ltr'>des</span> <span class='ocrx_word' id='word_1_186' title='bbox 1189 3043 1466 3118; x_wconf 84' lang='lat' dir='ltr'>Demosthenes»</span> <span class='ocrx_word' id='word_1_187' title='bbox 1488 3043 1579 3132; x_wconf 86' lang='grc'><strong>1860,</strong></span> 
     </span>
     <span class='ocr_line' id='line_1_24' title="bbox 421 3151 1607 3259; baseline 0.002 -25"><span class='ocrx_word' id='word_1_188' title='bbox 421 3189 457 3256; x_wconf 93' lang='lat' dir='ltr'>p.</span> <span class='ocrx_word' id='word_1_189' title='bbox 482 3166 536 3255; x_wconf 76' lang='lat'>73,</span> <span class='ocrx_word' id='word_1_190' title='bbox 569 3169 648 3238; x_wconf 85' lang='lat' dir='ltr'>adn.</span> <span class='ocrx_word' id='word_1_191' title='bbox 671 3168 714 3257; x_wconf 89' lang='lat' dir='ltr'>l).</span> <span class='ocrx_word' id='word_1_192' title='bbox 737 3168 868 3237; x_wconf 91' lang='lat' dir='ltr'>Verum</span> <span class='ocrx_word' id='word_1_193' title='bbox 887 3166 997 3236; x_wconf 77' lang='lat' dir='ltr'>adfert</span> <span class='ocrx_word' id='word_1_194' title='bbox 1015 3151 1356 3237; x_wconf 36' lang='lat' dir='ltr'>etiam&#39;historiarum</span> <span class='ocrx_word' id='word_1_195' title='bbox 1379 3165 1582 3259; x_wconf 91' lang='lat' dir='ltr'>scriptorum</span> <span class='ocrx_word' id='word_1_196' title='bbox 1605 3239 1607 3242; x_wconf 73' lang='grc'><strong>,</strong></span> 
     </span>
     <span class='ocr_line' id='line_1_25' title="bbox 420 3284 1579 3382; baseline 0 -22"><span class='ocrx_word' id='word_1_197' title='bbox 420 3291 627 3360; x_wconf 89' lang='lat' dir='ltr'>testimonia.</span> <span class='ocrx_word' id='word_1_198' title='bbox 642 3293 735 3360; x_wconf 85' lang='lat' dir='ltr'>Nam</span> <span class='ocrx_word' id='word_1_199' title='bbox 759 3314 838 3360; x_wconf 93' lang='lat' dir='ltr'>cum</span> <span class='ocrx_word' id='word_1_200' title='bbox 854 3284 995 3360; x_wconf 92' lang='lat' dir='ltr'>Diodor.</span> <span class='ocrx_word' id='word_1_201' title='bbox 1012 3291 1108 3374; x_wconf 83' lang='lat' dir='ltr'>XVI,</span> <span class='ocrx_word' id='word_1_202' title='bbox 1121 3291 1174 3376; x_wconf 79' lang='lat'>75,</span> <span class='ocrx_word' id='word_1_203' title='bbox 1187 3291 1330 3360; x_wconf 81' lang='lat' dir='ltr'>Arriam.</span> <span class='ocrx_word' id='word_1_204' title='bbox 1340 3291 1471 3382; x_wconf 85' lang='lat' dir='ltr'>Exped.</span> <span class='ocrx_word' id='word_1_205' title='bbox 1481 3292 1579 3360; x_wconf 87' lang='lat' dir='ltr'>Alex.</span> 
     </span>
     <span class='ocr_line' id='line_1_26' title="bbox 423 3414 1580 3506; baseline -0.001 -23"><span class='ocrx_word' id='word_1_206' title='bbox 423 3415 728 3500; x_wconf 38' lang='lat' dir='ltr'>1¹1,14‚9,Pausan.</span> <span class='ocrx_word' id='word_1_207' title='bbox 748 3416 777 3500; x_wconf 83' lang='grc' dir='ltr'>Ι,</span> <span class='ocrx_word' id='word_1_208' title='bbox 793 3417 846 3496; x_wconf 74' lang='lat'>29,</span> <span class='ocrx_word' id='word_1_209' title='bbox 856 3416 1115 3498; x_wconf 80' lang='lat' dir='ltr'>7,Artaxerxem</span> <span class='ocrx_word' id='word_1_210' title='bbox 1123 3414 1260 3485; x_wconf 90' lang='lat' dir='ltr'>Ochum</span> <span class='ocrx_word' id='word_1_211' title='bbox 1275 3415 1422 3484; x_wconf 87' lang='lat' dir='ltr'>referant</span> <span class='ocrx_word' id='word_1_212' title='bbox 1435 3415 1580 3506; x_wconf 80' lang='lat' dir='ltr'>Apollo·</span> 
     </span>
     <span class='ocr_line' id='line_1_27' title="bbox 420 3537 1592 3632; baseline -0.001 -24"><span class='ocrx_word' id='word_1_213' title='bbox 420 3537 1592 3632; x_wconf 70' lang='lat' dir='ltr'>doroAtheniensiducePerinthiiscontraPhilippumOlymp.ClX‚&#39;&#39;</span> 
     </span>
     <span class='ocr_line' id='line_1_28' title="bbox 419 3661 1578 3755; baseline 0.003 -24"><span class='ocrx_word' id='word_1_214' title='bbox 419 3665 452 3751; x_wconf 82' lang='grc'>4,</span> <span class='ocrx_word' id='word_1_215' title='bbox 469 3663 585 3732; x_wconf 88' lang='lat' dir='ltr'>tulisse</span> <span class='ocrx_word' id='word_1_216' title='bbox 599 3663 776 3751; x_wconf 86' lang='lat' dir='ltr'>auxilium,</span> <span class='ocrx_word' id='word_1_217' title='bbox 798 3685 859 3732; x_wconf 91' lang='lat' dir='ltr'>nec</span> <span class='ocrx_word' id='word_1_218' title='bbox 878 3663 992 3731; x_wconf 91' lang='lat' dir='ltr'>minus</span> <span class='ocrx_word' id='word_1_219' title='bbox 1003 3661 1171 3745; x_wconf 84' lang='lat' dir='ltr'>Rhodios,</span> <span class='ocrx_word' id='word_1_220' title='bbox 1192 3661 1311 3751; x_wconf 81' lang='lat' dir='ltr'>Chios,</span> <span class='ocrx_word' id='word_1_221' title='bbox 1333 3663 1416 3731; x_wconf 89' lang='lat' dir='ltr'>alios</span> <span class='ocrx_word' id='word_1_222' title='bbox 1438 3663 1578 3755; x_wconf 86' lang='lat' dir='ltr'>Olymp.</span> 
     </span>
     <span class='ocr_line' id='line_1_29' title="bbox 420 3784 1603 3880; baseline 0.002 -26"><span class='ocrx_word' id='word_1_223' title='bbox 420 3785 494 3874; x_wconf 83' lang='lat' dir='ltr'>CX,</span> <span class='ocrx_word' id='word_1_224' title='bbox 520 3787 535 3854; x_wconf 93' lang='lat' dir='ltr'>l</span> <span class='ocrx_word' id='word_1_225' title='bbox 562 3787 734 3880; x_wconf 88' lang='lat' dir='ltr'>Byzantiis</span> <span class='ocrx_word' id='word_1_226' title='bbox 758 3803 876 3857; x_wconf 85' lang='lat' dir='ltr'>contra</span> <span class='ocrx_word' id='word_1_227' title='bbox 899 3785 1060 3854; x_wconf 81' lang='lat' dir='ltr'>eundem&#39;</span> <span class='ocrx_word' id='word_1_228' title='bbox 1075 3784 1255 3853; x_wconf 86' lang='lat' dir='ltr'>auxiliares</span> <span class='ocrx_word' id='word_1_229' title='bbox 1285 3784 1418 3854; x_wconf 91' lang='lat' dir='ltr'>misisse</span> <span class='ocrx_word' id='word_1_230' title='bbox 1443 3786 1603 3877; x_wconf 55' lang='lat' dir='ltr'>copiam,</span> 
     </span>
     <span class='ocr_line' id='line_1_30' title="bbox 418 3907 1582 4000; baseline -0.001 -23"><span class='ocrx_word' id='word_1_231' title='bbox 418 3907 543 4000; x_wconf 80' lang='lat' dir='ltr'>colligit</span> <span class='ocrx_word' id='word_1_232' title='bbox 564 3910 761 3980; x_wconf 90' lang='lat' dir='ltr'>Voemelius</span> <span class='ocrx_word' id='word_1_233' title='bbox 785 3910 1049 3980; x_wconf 91' lang='lat' dir='ltr'>Demosthenem</span> <span class='ocrx_word' id='word_1_234' title='bbox 1073 3930 1208 3978; x_wconf 89' lang='lat' dir='ltr'>necesse</span> <span class='ocrx_word' id='word_1_235' title='bbox 1226 3931 1298 3977; x_wconf 90' lang='lat' dir='ltr'>esse</span> <span class='ocrx_word' id='word_1_236' title='bbox 1313 3907 1385 3976; x_wconf 90' lang='lat' dir='ltr'>illas</span> <span class='ocrx_word' id='word_1_237' title='bbox 1401 3907 1582 4000; x_wconf 83' lang='lat' dir='ltr'>legationes</span> 
     </span>
     <span class='ocr_line' id='line_1_31' title="bbox 418 4031 1582 4126; baseline 0.002 -26"><span class='ocrx_word' id='word_1_238' title='bbox 418 4073 461 4083; x_wconf 90' lang='lat'>-</span> <span class='ocrx_word' id='word_1_239' title='bbox 484 4034 526 4102; x_wconf 91' lang='lat' dir='ltr'>de</span> <span class='ocrx_word' id='word_1_240' title='bbox 546 4035 783 4126; x_wconf 91' lang='lat' dir='ltr'>Peloponneso</span> <span class='ocrx_word' id='word_1_241' title='bbox 806 4050 940 4102; x_wconf 87' lang='lat' dir='ltr'>tantum</span> <span class='ocrx_word' id='word_1_242' title='bbox 964 4056 1019 4103; x_wconf 90' lang='lat' dir='ltr'>res</span> <span class='ocrx_word' id='word_1_243' title='bbox 1045 4049 1094 4104; x_wconf 91' lang='lat' dir='ltr'>est</span> <span class='ocrx_word' id='word_1_244' title='bbox 1116 4049 1197 4102; x_wconf 88' lang='lat' dir='ltr'>nota</span> <span class='ocrx_word' id='word_1_245' title='bbox 1220 4073 1261 4087; x_wconf 93' lang='lat'><em>-</em></span> <span class='ocrx_word' id='word_1_246' title='bbox 1278 4032 1420 4123; x_wconf 91' lang='lat' dir='ltr'>Olymp.</span> <span class='ocrx_word' id='word_1_247' title='bbox 1447 4031 1540 4115; x_wconf 80' lang='lat' dir='ltr'>clx,</span> <span class='ocrx_word' id='word_1_248' title='bbox 1555 4035 1582 4102; x_wconf 81' lang='grc'>’3</span> 
     </span>
     <span class='ocr_line' id='line_1_32' title="bbox 418 4156 1581 4251; baseline 0 -25"><span class='ocrx_word' id='word_1_249' title='bbox 418 4181 509 4226; x_wconf 95' lang='lat' dir='ltr'>anno</span> <span class='ocrx_word' id='word_1_250' title='bbox 540 4159 642 4229; x_wconf 92' lang='lat' dir='ltr'>huius</span> <span class='ocrx_word' id='word_1_251' title='bbox 673 4158 881 4251; x_wconf 91' lang='lat' dir='ltr'>Philippicae</span> <span class='ocrx_word' id='word_1_252' title='bbox 915 4158 1048 4227; x_wconf 85' lang='lat' dir='ltr'>habitae</span> <span class='ocrx_word' id='word_1_253' title='bbox 1079 4156 1259 4249; x_wconf 81' lang='lat' dir='ltr'>rogavisse.</span> <span class='ocrx_word' id='word_1_254' title='bbox 1299 4156 1408 4243; x_wconf 90' lang='lat' dir='ltr'>Quod</span> <span class='ocrx_word' id='word_1_255' title='bbox 1442 4157 1581 4246; x_wconf 90' lang='lat' dir='ltr'>quidem</span> 
     </span>
     <span class='ocr_line' id='line_1_33' title="bbox 417 4279 1581 4383; baseline -0.003 -33"><span class='ocrx_word' id='word_1_256' title='bbox 417 4299 488 4353; x_wconf 88' lang='lat' dir='ltr'>tam</span> <span class='ocrx_word' id='word_1_257' title='bbox 502 4300 627 4352; x_wconf 87' lang='lat' dir='ltr'>temere</span> <span class='ocrx_word' id='word_1_258' title='bbox 644 4282 727 4352; x_wconf 92' lang='lat' dir='ltr'>mihi</span> <span class='ocrx_word' id='word_1_259' title='bbox 742 4285 871 4352; x_wconf 90' lang='lat' dir='ltr'>dictum</span> <span class='ocrx_word' id='word_1_260' title='bbox 887 4282 1034 4370; x_wconf 87' lang='lat' dir='ltr'>videtur,</span> <span class='ocrx_word' id='word_1_261' title='bbox 1048 4297 1086 4350; x_wconf 93' lang='lat' dir='ltr'>ut</span> <span class='ocrx_word' id='word_1_262' title='bbox 1098 4280 1226 4350; x_wconf 91' lang='lat' dir='ltr'>eisdem</span> <span class='ocrx_word' id='word_1_263' title='bbox 1244 4279 1369 4383; x_wconf 90' lang='lat' dir='ltr'>quibus</span> <span class='ocrx_word' id='word_1_264' title='bbox 1384 4279 1581 4348; x_wconf 88' lang='lat' dir='ltr'>Voemelius</span> 
     </span>
     <span class='ocr_line' id='line_1_34' title="bbox 418 4402 1579 4478; baseline -0.003 -3"><span class='ocrx_word' id='word_1_265' title='bbox 418 4407 539 4476; x_wconf 89' lang='lat' dir='ltr'>ductus</span> <span class='ocrx_word' id='word_1_266' title='bbox 552 4406 753 4476; x_wconf 87' lang='lat' dir='ltr'>testimoni-is</span> <span class='ocrx_word' id='word_1_267' title='bbox 767 4408 976 4478; x_wconf 88' lang='lat' dir='ltr'>contrarium</span> <span class='ocrx_word' id='word_1_268' title='bbox 992 4405 1161 4476; x_wconf 87' lang='lat' dir='ltr'>affirmare</span> <span class='ocrx_word' id='word_1_269' title='bbox 1175 4427 1243 4474; x_wconf 92' lang='lat' dir='ltr'>non</span> <span class='ocrx_word' id='word_1_270' title='bbox 1259 4402 1425 4473; x_wconf 88' lang='lat' dir='ltr'>dubitem.</span> <span class='ocrx_word' id='word_1_271' title='bbox 1444 4402 1579 4472; x_wconf 90' lang='lat' dir='ltr'>Etenim</span> 
     </span>
    </p>
   </div>
   <div class='ocr_carea' id='block_1_6' title="bbox 0 0 1818 5271">
    <p class='ocr_par' dir='ltr' id='par_1_7' title="bbox 0 0 1818 5271">
     <span class='ocr_line' id='line_1_35' title="bbox 0 0 1818 5271; baseline 0 0"><span class='ocrx_word' id='word_1_272' title='bbox 0 0 1818 5271; x_wconf 95' lang='lat' dir='ltr'> </span> 
     </span>
    </p>
   </div>
  </div>
 </body>
</html>
