3628 5272
912 306 1047 362 ..34-

365 512 366 517 Ἰ
389 422 599 490 correctione
619 422 768 511 quadam
783 423 950 511 adhibita,
972 424 1044 493 sine
1060 427 1129 494 ulla
1143 427 1563 522 dubitationeaBeltltero,
1672 431 1674 436 ’
1701 493 1707 508 ,

394 544 584 632 Dindorfio‚
606 545 798 629 Voemelio,
819 545 899 614 viris
928 543 1087 617 codicum
1115 549 1409 620 aestimandorum
1428 541 1562 644 peritis-

390 670 501 758 simis,
528 686 560 736 et
578 691 599 736 a
619 667 834 738 Rehdantzio
870 685 906 737 ut
927 669 1203 746 Demostheniea
1233 690 1475 763 agnoscuntur.
1510 679 1564 744 Ac

376 795 543 888 ‘primum
565 791 704 883 quidem
724 792 806 883 quid
832 791 878 859 illi
898 793 942 861 ad
961 795 1178 863 damnandos
1202 796 1218 884 ξ
1238 798 1258 865 6
1278 814 1310 865 et
1333 795 1353 865 7
1376 799 1564 894 exlegibus

376 919 560 998 sermonis
583 919 723 1000 Graecis
742 920 921 1006 petiverint
940 918 1131 988 videamus.
1155 923 1170 976 Γ
1632 905 1635 912 ’

365 1051 368 1062 ’
437 1043 607 1111 Frankius
636 1041 748 1130 (adh.
778 1042 817 1128 l.)
851 1040 1033 1110 offenditur
1066 1027 1233 1111 vocabulo
1265 1049 1357 1115 ἔνιοι.
1390 1047 1563 1137 Perquam

364 1157 367 1163 ’
392 1163 672 1236 mirum'esseait
691 1161 874 1232 nonnullos
895 1163 925 1250 (ξ
940 1163 961 1230 6
974 1165 1234 1246 ούτιυςάτόττιυς
1255 1167 1354 1234 ἔνιοι
1377 1169 1562 1254 διάκεινται)

387 1311 432 1358 eo
451 1311 523 1358 esse
541 1286 608 1358 dici
627 1286 756 1372 animo,
782 1303 820 1353 ut
838 1285 918 1354 istas
945 1285 1211 1372 criminationes,
1238 1309 1310 1356 esse
1338 1286 1477 1376 civium,
1503 1289 1562 1378 qui
1609 1362 1612 1368 ¹
1664 1285 1666 1290 ’

389 1413 518 1482 bellum
537 1411 691 1492 excitent,
715 1410 751 1479 in
770 1408 987 1484 contionibus
1006 1409 1188 1479 admittant
1210 1431 1280 1502 non
1299 1411 1479 1502 plurimos
1503 1429 1563 1480 aut

388 1536 540 1605 multoe:
562 1515 686 1602 scilicet
700 1532 922 1600 Demostheni
937 1554 1007 1600 non
1024 1533 1119 1616 illud,
1142 1534 1235 1622 quod
1254 1533 1366 1623 pauci,
1389 1535 1447 1602 sed
1464 1535 1561 1624 quod

299 1699 301 1704 ·
390 1658 501 1727 maior
513 1679 593 1749 pars
603 1655 721 1747 populi
741 1655 918 1722 decretura
938 1669 1035 1740 esset,
1057 1653 1160 1722 luisse
1179 1632 1384 1724 timendum.
1405 1658 1463 1726 Ad
1478 1657 1560 1727 haec

279 1856 281 1864 ¹
386 1781 600 1850 Voetnelius:
622 1778 713 1851 Sane
731 1777 830 1868 pauci
850 1777 916 1866 isti,
933 1777 1056 1867 inquit,
1073 1776 1102 1844 ei
1118 1777 1259 1846 timendi
1276 1796 1382 1860 erant,
1404 1779 1485 1869 quia
1499 1803 1561 1870 per

385 1928 447 1974 eos
467 1903 648 1972 multitudo
682 1901 879 1970 ducebatur.
923 1901 1033 1968 Arne
1053 1899 1129 1990 quis
1158 1900 1221 1969 hos
1241 1903 1349 1982 ἐνίους
1368 1919 1464 1992 putet
1487 1926 1559 1971 esse

386 2031 503 2112 duces,
529 2051 615 2118 quos
645 2024 827 2094 multitudo
850 2040 1025 2114 sequatur,
1059 2065 1103 2074 -
1131 2024 1179 2092 uti
1212 2042 1299 2092 recte
1321 2025 1560 2103 animadvertit

386 2151 581 2224 Schultzius
600 2189 643 2200 -
661 2149 785 2230 obstat,
820 2148 914 2238 quod
931 2164 963 2215 et
982 2149 1046 2215 hoc
1073 2168 1142 2216 non
1159 2147 1283 2214 diserte
1310 2147 1439 2215 dictum
1459 2165 1509 2216 est
1527 2165 1560 2216 et
1645 2166 1650 2171 ·

288 2361 293 2371 ι
386 2297 520 2344 revera
539 2275 581 2358 ei,
615 2272 674 2363 qui
708 2269 961 2356 multitudinem
986 2286 1113 2362 regant,
1141 2293 1211 2338 non
1231 2270 1473 2352 sunthievtol,
1498 2273 1557 2340 sed
1615 2319 1618 2322 -

387 2397 434 2467 illi
456 2403 542 2478 τινὲς
565 2399 600 2465 ἐν
622 2403 693 2475 ταῖς
716 2397 898 2477 ἐκκλησίαις
920 2396 1079 2474 λέγοντες,
1105 2396 1151 2473 ύυς
1173 2393 1265 2474 ἡμῶν
1299 2396 1386 2474 τινές
1409 2397 1491 2462 εἰσιν
1526 2398 1557 2462 οἱ

382 2525 557 2597 ποιοῦντες
587 2517 644 2582 τὸν
685 2517 838 2602 πόλεμον.
873 2513 946 2582 Nec
980 2529 1097 2582 tamen
1130 2511 1358 2581 necessarium
1396 2531 1446 2582 est
1476 2535 1556 2602 cum

383 2637 559 2710 Schultzio
578 2627 616 2705 ei
636 2641 689 2716 eo,
711 2637 805 2725 quod
824 2615 980 2704 nonnulli
999 2657 1040 2702 eo
1059 2657 1131 2702 esse
1147 2631 1264 2702 animo
1278 2634 1449 2724 dicuntur,
1469 2639 1555 2704 ὥστε

346 2772 348 2784 ’
382 2761 496 2839 πόλεις
509 2760 815 2841 καταλαμβάνοντος
831 2758 957 2823 ἐκείνου
975 2759 1026 2824 καὶ
1042 2757 1146 2823 πολλὰ
1159 2763 1226 2822 τῶν
1239 2758 1403 2838 ὑμετέρων
1420 2760 1555 2839 ἔχοντος

384 2883 437 2947 καὶ
468 2881 593 2959 πάντας
627 2879 825 2968 ,ἀνθρώπους
862 2877 1053 2957 ἀδικοῦντος
1083 2876 1256 2958 ἀνέχεσθαί
1282 2899 1380 2945 τινων
1415 2879 1458 2944 ἐν’
1483 2883 1554 2956 ταῖς

364 3000 568 3079 Ὶἐκκλησίαις
597 2999 760 3079 λεγόντων
765 3049 847 3064 ......
879 2994 1047 3086 colligere,
1080 3002 1216 3066 ceteros
1243 2995 1306 3064 hoc
1331 3017 1400 3063 non
1425 2999 1553 3064 laturos

374 3133 417 3186 et
427 3114 502 3184 illos
517 3139 536 3182 a
557 3115 941 3207 dicendoprohibituros
955 3117 1071 3206 luisse,
1087 3117 1235 3207 denique
1249 3120 1337 3186 hanc
1353 3116 1553 3186 sententiam
1628 3169 1631 3176 -

287 3297 290 3302 .
381 3239 554 3328 eisquam
573 3238 801 3329 requiramus²
823 3262 964 3330 prorsus
982 3241 1167 3310 adversari.
1194 3241 1293 3328 Quid
1312 3241 1449 3310 tandem
1470 3240 1552 3309 baec

382 3360 448 3429 sibi
467 3362 539 3429 vult
558 3359 664 3428 nimia
686 3357 889 3432 morositas?
915 3363 1161 3432 Demosthenes
1184 3386 1298 3432 nonne
1321 3345 1395 3433 eam
1419 3363 1552 3454 partem
1575 3435 1576 3442 μ
1643 3449 1646 3456 1

299 3457 301 3462 ¹
380 3484 515 3574 populi,
529 3507 642 3584 'quam
663 3485 720 3554 illo
739 3485 855 3556 animo
870 3509 943 3556 esse
958 3487 1053 3576 vidit,
1076 3471 1240 3556 vocabulo
1259 3495 1339 3560 ἔνιοι
1363 3487 1552 3557 discernere

380 3607 506 3698 potuit,
528 3622 566 3674 ut
583 3606 679 3698 pravi
710 3609 938 3698 posteriorum
970 3609 1192 3700 interpretum
1224 3610 1330 3679 moris
1362 3610 1575 3680 orationem¹

379 3751 483 3798 suam
498 3729 578 3798 solis
593 3729 719 3820 logicae
734 3729 867 3821 legibus
884 3729 1043 3801 metiendi
1063 3733 1193 3802 nullam
1212 3733 1351 3802 haberet
1370 3734 1553 3802 rationem?

379 3849 452 3922 Sed
484 3852 655 3920 Frankius
687 3843 790 3922 otiam
816 3855 918 3922 verba
941 3859 987 3936 ὡς
1010 3856 1217 3940 ἀμυνούμεθα
1236 3855 1548 3925 habetoffensioni.

384 3973 550 4042 Debuisse
572 3991 678 4064 putat
699 3978 788 4056 ὅπως
812 3977 1017 4059 ἀμυνούμεθα
1039 3975 1119 4064 dici,
1147 3978 1363 4068 nequeenim
1385 3979 1551 4046 rationem

380 4095 447 4164 boc
467 4095 541 4163 loco
560 4118 670 4184 neque
694 4075 862 4166 'effectum
884 4073 954 4165 ‘sed
974 4097 1153 4170 consilium
1187 4099 1340 4169 indicari.
1377 4100 1552 4177 Recteid
1649 4185 1653 4192 μ

382 4217 534 4306 quidem,
569 4219 628 4286 sed
662 4217 746 4308 fugit
774 4218 964 4289 Frankium
993 4220 1096 4289 verba
1131 4229 1177 4306 ὡς
1200 4227 1406 4308 ἀμυνούμεθα
1438 4223 1551 4296 verbis

377 4337 473 4418 ὅπως
506 4340 715 4423 ἀμυνούμεθα
737 4341 756 4423 ξ
784 4341 804 4407 6
830 4341 872 4412 de
897 4339 1063 4412 indust-ria
1083 4343 1222 4434 opponi,
1249 4344 1413 4434 quodrvel
1432 4366 1473 4414 ex
1499 4344 1552 4415 in-
