3628 5272
1040 103 1054 135 ἢ

911 337 1045 394 ..14-

398 479 419 525 a
449 456 680 527 Demosthene
711 456 901 528 orationem
933 474 1132 530 retractante
1154 460 1347 532 confectum
1360 461 1556 536 arbitretur:

398 601 508 669 neque
530 579 620 648 enim
640 581 669 650 si
692 580 853 650 defuisset
874 581 951 667 cod.
980 589 1017 671 Σ,
1037 606 1192 674 unquam
1215 584 1261 654 ait
1284 585 1438 656 futurum
1456 588 1561 657 fuisse
1649 643 1652 650 .

397 720 435 773 ut
458 703 619 797 cuiquam
641 707 759 776 hocin
779 707 853 776 loco
876 706 1041 778 haesitare
1064 708 1099 776 in
1118 723 1270 779 mentem
1286 712 1425 787 veniret.
1451 713 1560 805 Atqui

398 828 566 897 habemus
587 829 739 900 codicem
762 837 838 900 {et
863 848 996 923 reperto
1021 833 1254 904 Laurentiano
1278 858 1357 904 cum
1381 837 1558 939 {conspi-

398 973 493 1025 rante
517 956 658 1026 offensio
682 957 784 1026 etiam
807 973 906 1026 aucta
931 974 991 1028 est.
1031 959 1151 1049 Itaque
1179 981 1249 1033 non
1282 961 1351 1032 iarn
1380 962 1457 1031 licet
1480 986 1560 1032 cum

398 1079 577 1171 Spengelio
601 1081 635 1170 (a
656 1078 718 1147 Die
732 1086 866 1165 ,Δημηγ.
894 1079 953 1148 des
977 1081 1155 1151 Demosth.
1182 1110 1198 1146 ν
1220 1106 1255 1176 p.
1282 1084 1342 1174 68)
1363 1084 1485 1170 dicere,
1504 1109 1558 1156 re-

398 1226 476 1272 rum
501 1203 756 1296 explicationem
779 1205 1035 1276 convenientem
1050 1221 1245 1298 temporum
1260 1207 1382 1278 rationi
1402 1185 1466 1280 hoc
1485 1213 1576 1280 loco·

397 1329 538 1398 omnino
562 1352 631 1399 non
656 1331 833 1422 expectari.
861 1327 975 1401 I'mmo
995 1354 1076 1401 vero
1098 1335 1313 1425 postulamus
1339 1339 1417 1404 eam'
1443 1353 1475 1404 et
1494 1337 1560 1406 alia
1651 1422 1654 1426 ,

398 1455 499 1522 etiam
515 1453 614 1524 nobis
628 1454 788 1524 videntur
806 1455 937 1525 vitiosa.
956 1457 1094 1526 Etenim
1110 1480 1178 1526 non
1196 1476 1245 1528 est
1258 1460 1499 1529 Demosthenis
1517 1502 1562 1512 -

399 1578 492 1668 quod
517 1595 604 1648 recte
628 1577 785 1648 viderunt
809 1579 1011 1648 Benselerus
1038 1583 1086 1671 (p.
1110 1583 1153 1652 72
1176 1581 1273 1672 edit.)
1303 1600 1336 1652 et
1364 1583 1561 1676 Voemelius
1621 1605 1624 1610 ·

399 1711 456 1799 (ad
482 1711 517 1779 h.
543 1711 582 1798 l.)
599 1725 683 1779 -et
705 1731 897 1802 synonyma
919 1711 1094 1780 cumulare
1117 1713 1252 1800 (Πυλῶν
1269 1717 1400 1784 noiatim
1424 1717 1474 1784 ἐπὶ
1483 1719 1561 1798 τοὺς
1667 1782 1670 1797 ,

397 1834 555 1915 Ἕλληνας
586 1823 742 1918 παρόδων·
770 1872 813 1889 --
838 1840 1000 1920 φρουραῖς
1024 1837 1076 1902 καὶ
1097 1838 1216 1920 ξένοις)
1239 1851 1272 1904 et
1298 1836 1420 1905 rustice
1442 1841 1560 1908 eadem
1605 1819 1608 1826 ⁴

398 1956 567 2040 vocabula
585 1973 733 2048 repetere
756 1961 836 2044 (τῶν
856 1959 1073 2040 Ἑλλήνων...
1096 1963 1250 2043 πέμπει...
1267 1962 1345 2040 τοὺς
1361 1961 1560 2044 Ἕλληνας...

362 2161 365 2181 ἡ
399 2081 556 2161 Ξένους...
591 2083 730 2166 κατέχει;
761 2082 864 2163 ἔχει...
895 2085 965 2161 τοῖς
996 2080 1189 2161 Ἕλλησιν...
1211 2085 1326 2166 πέμπει
1356 2086 1393 2150 δὲ
1417 2062 1557 2170 ξένους).
1609 2140 1611 2143 .

400 2199 514 2267 Etiam
545 2203 585 2285 ἧς
625 2206 684 2288 (sc.
719 2212 777 2288 τῆς
806 2200 1039 2289 προμαντείας)
1075 2202 1153 2270 οὐδὲ
1182 2207 1254 2284 τοῖς
1272 2204 1423 2287 Ἕλλησιν
1461 2206 1561 2274 ἅπασι

400 2327 533 2410 μέτεστι,
543 2345 622 2394 cum
644 2327 822 2415 praecedat
844 2332 909 2410 ἔχει
930 2331 967 2394 δὲ
988 2328 1040 2393 καὶ
1059 2327 1118 2407 τὴν
1139 2328 1357 2409 προμαντείαν
1373 2325 1488 2396 minus
1502 2349 1558 2398 ac-

399 2466 514 2517 curate
537 2449 670 2520 videtur
694 2473 766 2519 esse
788 2425 929 2522 dictum.
959 2449 1035 2537 Qui
1060 2469 1141 2516 vero
1171 2447 1299 2515 factum
1327 2449 1380 2540 sit,
1407 2467 1444 2518 ut
1469 2453 1559 2521 Ben-

400 2574 527 2642 selerus
549 2574 610 2643 etsi
629 2574 709 2643 vitia
733 2575 789 2644 illa
813 2574 847 2643 in
871 2575 980 2642 lucem
1004 2571 1167 2664 prodidit¹
1183 2553 1218 2639 et
1250 2573 1356 2642 verba
1379 2592 1493 2645 notata
1524 2577 1558 2646 in

398 2698 582 2798 editionem
605 2721 704 2768 suam
729 2721 799 2768 non
822 2698 957 2790 recepit,
971 2697 1091 2766 eadem
1113 2713 1228 2766 tamen
1250 2714 1366 2788 postea
1386 2700 1478 2791 quod
1502 2724 1561 2792 ap·
1642 2795 1643 2800 ἵ

398 2823 527 2892 tissima
546 2841 657 2894 essent
680 2823 824 2916 genuina
848 2823 1042 2915 praedicarp
1056 2844 1126 2890 non
1159 2820 1373 2912 dubitaverit,
1396 2815 1492 2893 haud¹
1507 2826 1558 2895 fa-

326 2989 328 2991 ·
399 2949 461 3018 cile
483 2965 533 3018 est
555 2950 599 3018 ad
624 2949 897 3040 intellegendum.
924 2945 1054 3015 Weilio
1086 2945 1244 3037 denique,
1280 2947 1338 3036 qui
1365 2949 1560 3035 nuperrime

399 3071 449 3158 (in
479 3072 698 3142 Fleckeisenii
724 3073 854 3141 Annal.
880 3071 1000 3163 philol.
1029 3074 1123 3160 1870,
1141 3093 1177 3162 p.
1202 3069 1278 3156 541)
1303 3069 1560 3162 Spengeliarum
1639 3152 1642 3163 k

399 3194 546 3287 suscepit
578 3195 821 3265 sententiarum
855 3192 1083 3287 patrocinium
1117 3193 1315 3285 -=aptiore
1343 3209 1459 3284 postea
1486 3196 1560 3263 loco

398 3295 537 3388 uberius
561 3319 602 3388 de
625 3343 666 3389 eo
685 3319 746 3388 erit
769 3319 1014 3411 disputandum
1039 3357 1081 3371 -
1104 3316 1282 3387 enunciata
1305 3317 1362 3385 iiia
1386 3299 1483 3387 uncis
1505 3318 1558 3388 in·
1586 3335 1588 3343 “

397 3445 490 3514 clusa
509 3467 579 3512 non
599 3445 711 3512 solum
741 3465 821 3512 cunr
850 3443 1071 3512 historiarum
1095 3439 1262 3509 memoria
1290 3462 1478 3532 congruere
1500 3442 1559 3511 sed

397 3568 525 3660 optime
548 3567 650 3638 etiam
671 3567 859 3658 composita
883 3589 955 3636 esse
978 3565 1147 3635 videntur.
1179 3566 1341 3654 Namque
1368 3586 1408 3633 ea
1431 3565 1559 3635 mirum
1643 3573 1646 3580 “

399 3689 434 3760 in
453 3689 596 3758 modum
617 3690 664 3758 ait
685 3687 887 3758 sententiam
910 3686 1016 3775 iliam,
1033 3708 1120 3776 quae
1135 3684 1348 3777 appositione
1369 3690 1427 3757 τὸν
1449 3691 1559 3757 κοινὸν

397 3817 464 3880 τῶν
484 3813 647 3895 Ἑλλήνων
664 3815 775 3893 ἀγῶνα
793 3811 836 3880 ad
864 3814 904 3880 τὰ
927 3816 1034 3882 Πύθια
1057 3811 1245 3902 pertinente
1275 3809 1433 3879 extremis
1462 3809 1559 3899 quasi

398 3933 611 4005 lineamentis
630 3937 833 4006 adumbrata
856 3937 909 4025 sit,
934 3935 1092 4028 amplecti
1111 3952 1213 4026 atque
1231 3932 1399 4028 persequi.
1423 3933 1559 4003 Etenim

397 4060 555 4130 omnium
588 4059 800 4130 Graecorum
836 4059 1105 4152 indignationem
1134 4055 1265 4129 moveri
1302 4080 1437 4128 necesse
1466 4080 1557 4144 esse,

399 4207 478 4254 cum
502 4184 688 4253 barbarum
712 4184 848 4254 videant
870 4183 905 4253 in
929 4184 1052 4253 liberos
1066 4182 1237 4253 dominari
1255 4181 1403 4252 Graecos
1422 4199 1454 4252 et
1473 4204 1560 4272 quae

401 4303 527 4372 horum
558 4298 626 4368 sint
653 4299 877 4370 audacissime
908 4299 972 4368 sibi
1002 4320 1172 4390 arrogare.
1209 4299 1319 4367 Porro
1354 4297 1559 4366 vocabulum

399 4425 603 4509 Ἕλληνες-
619 4424 654 4494 id
671 4424 764 4514 quod
778 4423 974 4494 Voemelius
999 4421 1201 4515 vituperavit
1215 4461 1257 4476 -
1271 4420 1401 4490 Weilio
1419 4420 1560 4492 consitio
