3628 5272
809 371 842 382 -
859 345 892 398 40
910 371 943 382 -
986 377 989 398 t

332 463 364 550 b,
393 484 496 552 neque
514 484 628 553 porro
653 483 721 541 eos,
747 462 810 552 qui
832 438 966 532 codices
989 470 1015 531 Σ
1038 472 1072 530 et
1097 463 1210 534 Laur.
1236 464 1332 532 solos
1351 465 1460 535 velint

291 585 398 676 ipsam
409 583 570 652 oratoris
589 605 726 651 manum
745 583 916 670 exhibere,
935 603 1049 652 omnes
1067 604 1148 652 vero
1169 583 1323 674 reliquos
1348 585 1461 654 libros
1512 663 1522 670 Μ
1573 651 1574 656 ,
1602 581 1603 584 '
1730 591 1808 644 ·‘›'

291 730 392 775 manu
423 707 577 798 scrt'ptos
611 707 748 798 ingenti
785 707 1096 798 interpolationem
1134 707 1362 792 multitudine
1390 732 1460 778 esse
1562 717 1563 720 ’
1723 687 1790 776 .'=I‘'

290 831 519 923 deformatos,
540 830 587 899 ad
610 831 719 922 eptam
743 831 926 900 veritatem
949 833 1121 917 accedere,
1144 833 1204 902 sed

334 953 367 1032 2,
394 967 517 1024 contra
537 952 693 1021 codicum
716 958 793 1024 {et
816 954 928 1059 Laur.
951 955 1200 1026 auctoritatem
1219 955 1460 1026 additamenta

291 1097 393 1143 rnanu
412 1075 498 1143 XII.
523 1075 654 1144 saeculi
665 1076 772 1167 facta
791 1076 946 1166 genuina
969 1099 1039 1144 esse
1060 1079 1290 1168 agnoscenda.

335 1197 404 1270 Sed
427 1197 485 1288 qui
510 1199 645 1288 qualem
678 1197 742 1289 ipsi
773 1216 902 1267 veteres
934 1199 1174 1268 Demosthenis
1204 1199 1389 1272 editionem
1426 1203 1461 1269 in

293 1321 452 1390 manibus
465 1321 647 1390 habuerint
664 1322 780 1390 animo
794 1339 844 1390 est
866 1321 1126 1410 informaturus,
1144 1344 1224 1390 eum
1240 1346 1308 1392 non
1329 1341 1463 1414 oportet

293 1447 356 1514 hac
378 1444 413 1513 in
437 1467 473 1513 re
487 1446 711 1534 acquiescere.
741 1445 855 1512 Immo
879 1431 978 1512 ut'ad
1004 1447 1119 1536 ipsum
1137 1446 1289 1514 codicem
1313 1448 1462 1516 Alexan·

292 1568 431 1637 drinum
457 1569 594 1658 qualem
619 1568 851 1638 Callimachus
876 1568 1152 1638 bibliothecarius
1176 1569 1461 1638 conscribendum

291 1692 422 1760 curavit
453 1714 557 1781 quam
588 1691 742 1782 proxime
773 1692 988 1779 accedamus,
1021 1692 1248 1761 examinanda
1275 1715 1347 1762 esse
1378 1711 1463 1785 puto
1543 1721 1544 1726 ¹
1622 1679 1643 1744 ‹s'

290 1817 407 1885 omnia
431 1816 588 1884 omnium
611 1817 787 1885 rhetorum
811 1815 1181 1906 grammaticorumque
1205 1815 1400 1885 testimonia
1424 1841 1463 1886 ex
1512 1819 1514 1822 ’
1601 1859 1603 1866 .

291 1940 443 2007 oratione
467 1937 659 2031 Philippica
683 1938 781 2006 tertia
814 1938 925 2029 petita.
960 1941 1004 2006 Et
1031 1955 1106 2006 tum
1140 1938 1280 2006 demum
1306 1938 1461 2008 animum

294 2080 409 2132 meum
429 2082 543 2132 errore
566 2079 724 2153 vagatum
745 2059 817 2131 ease
828 2063 1027 2151 concedam,
1049 2062 1077 2130 si
1096 2079 1156 2130 aut
1174 2063 1290 2132 omnia
1309 2081 1461 2132 veterum

292 2186 486 2254 testimonia
509 2208 589 2254 cum
613 2185 787 2278 codicibus
810 2189 836 2252 Σ
859 2202 891 2254 et
910 2186 1016 2276 Laur,
1038 2184 1073 2254 in
1092 2185 1188 2253 omni
1207 2202 1302 2276 parte
1315 2207 1459 2254 consen-

294 2308 397 2377 serint
420 2325 479 2378 aut
502 2308 566 2378 erit
589 2308 757 2396 inventus,
784 2307 843 2398 qui
867 2307 1070 2376 sententiam
1093 2330 1207 2376 meam
1230 2329 1371 2377 assensu
1401 2331 1464 2377 suo

295 2433 395 2522 plane
415 2433 677 2501 confirmaverit.
707 2432 774 2504 Sed
798 2431 928 2500 infinita
952 2449 1039 2500 esset
1062 2431 1265 2512 dissertatio,
1290 2433 1318 2501 si
1345 2433 1460 2522 singu-

293 2556 406 2624 lorum
431 2556 642 2648 Philippicae
667 2556 782 2626 tertiae
805 2558 960 2625 locorum
984 2555 1122 2648 vestigia
1146 2556 1302 2647 persequi
1336 2578 1374 2624 ac
1403 2580 1462 2625 ve·
1538 2591 1539 2594 ¹
1620 2651 1622 2658 .

290 2696 403 2747 terum
428 2681 604 2747 rhetorum
628 2679 999 2770 grammaticorumque
1022 2679 1217 2747 testimonia
1242 2679 1296 2747 hic
1320 2680 1464 2770 perscri-

292 2801 426 2870 bereet
449 2802 626 2894 diligenter
650 2803 843 2871 examinate
869 2803 1002 2871 vellem.
1032 2801 1137 2889 Quae
1160 2803 1224 2871 hac
1247 2803 1347 2871 dere
1370 2804 1463 2872 etde

292 2927 421 2994 ratione
440 2948 527 3016 quae
556 2926 642 2994 inter
665 2925 741 2993 illos
771 2943 803 2994 et
834 2925 1025 2993 orationem
1066 2923 1293 3015 Philippicam
1327 2924 1462 2992 tertiam

292 3049 475 3118 intercedat
496 3049 675 3117 statuenda
699 3065 791 3138 sunt,
826 3071 865 3116 ea
895 3047 1081 3117 continenti
1111 3047 1308 3138 complexus
1342 3047 1462 3138 dispu-

290 3171 416 3240 tatione
433 3173 468 3240 in
484 3172 570 3240 libro
590 3194 667 3240 meo
687 3195 791 3264 supra
809 3187 1079 3240 commemorato
1101 3194 1136 3261 p.
1161 3171 1305 3240 162-184
1325 3169 1463 3240 uberius

290 3295 441 3386 exposui.
478 3279 574 3366 Nihil
604 3295 705 3387 igitur
733 3295 809 3363 dico
849 3295 891 3363 de
936 3293 1102 3386 Dionysio
1144 3292 1463 3375 Halicarnassensi,

290 3418 456 3485 acerrimo
474 3435 626 3486 veterum
653 3433 829 3486 oratorum
854 3414 1094 3502 existimatore,
1120 3429 1295 3504 praetereo
1321 3413 1462 3504 Harpo-

290 3541 488 3628 crationem,
515 3542 771 3631 Hermogenem
794 3539 1044 3629 etquicunque
1068 3537 1173 3606 libros
1192 3536 1265 3604 eius
1283 3557 1461 3604 commen-

291 3663 385 3733 tariis
409 3665 672 3752 illustraverunt,
697 3663 818 3732 omitto
842 3684 1026 3730 numerum
1057 3681 1219 3729 versuum
1250 3658 1353 3729 etiam
1383 3659 1464 3727 huic

292 3787 530 3872 Demosthenis
557 3786 703 3858 orationi
733 3786 977 3876 subscriptum,
1010 3805 1114 3872 quem
1145 3803 1226 3850 cum
1257 3778 1465 3848 Ritschelius

290 3929 365 3979 turn
390 3910 448 3979 Fr.
477 3897 628 3978 Blassius
655 3908 901 3979 demonstravit
929 3905 973 3974 ad
1008 3904 1243 3994 indagandum
1276 3901 1462 3993 genuinum

289 4031 452 4099 orationis
480 4031 692 4124 Philippicae
723 4031 841 4099 tertiae
869 4029 1049 4098 circuitum
1081 4027 1250 4119 imprimis
1277 4048 1349 4094 esse
1383 4024 1460 4092 ido-

291 4177 413 4223 neum:
454 4177 564 4223 unum
598 4156 696 4224 illum
735 4153 981 4223 Demosthenis
1018 4153 1193 4219 aemulum
1245 4148 1288 4217 P.
1319 4146 1460 4216 Aelium

291 4278 501 4366 Aristidem,
523 4301 615 4362 eum,
633 4278 691 4367 qui
708 4279 759 4347 M.
779 4277 923 4345 Aurelio
943 4269 1123 4344 Antohino
1146 4273 1334 4363 imperante
1354 4287 1463 4339 artem

293 4403 498 4472 rhetoricam
536 4402 671 4490 docuit,
710 4424 970 4489 commemoro,
1010 4400 1113 4488 idque
1149 4414 1329 4489 propterea
1367 4395 1463 4484 quod

1391 4537 1404 4577 t
1491 4575 1493 4578 .
