3628 5272
771 377 806 391 -
822 349 839 405 9
855 378 888 390 ..

242 479 445 562 ἐξεπίτηδες,
468 476 509 543 οὔ
531 474 572 542 δι’
588 473 736 554 ἄγνοιαν,
758 491 865 560 quam
886 467 1114 537 coniecturam
1131 466 1354 558 Dindorfius(
1401 526 1408 540 .

243 597 418 669 Oxon.V.
430 619 467 688 p.
489 596 563 682 198)
583 616 725 662 assensu
751 615 814 662 suo
832 591 1046 684 comprobat.
1070 590 1170 660 Certe
1193 592 1252 682 qui
1265 591 1413 686 Spenge

244 719 332 789 lium
353 719 420 788 hac
441 718 498 788 via
515 717 756 810 procedentem
777 717 868 785 volet
892 714 1001 805 sequi,
1033 715 1120 784 hanc
1146 716 1248 784 etiam
1277 737 1410 786 correc-

243 844 377 912 tionem
398 843 538 912 laudare
556 841 691 933 poterit.
718 841 768 908 At
787 863 867 908 cum
889 839 976 908 desit
998 840 1266 910 additamentum
1290 841 1334 916 in
1350 865 1412 936 op

243 968 340 1036 timis
362 968 459 1038 libris
482 990 536 1059 pr.
562 974 599 1054 Σ,
627 967 710 1035 Bav.
722 969 761 1054 Ω,
788 965 864 1033 aliis
887 971 934 1058 (v.
959 987 1015 1056 ap.
1041 966 1181 1058 Voem.)
1201 983 1234 1035 et
1255 968 1290 1036 in
1307 969 1408 1039 codd.

244 1091 353 1158 Laur.
361 1105 394 1158 et
406 1091 502 1178 Vat,
512 1111 599 1180 quos
613 1086 805 1161 Schultzius
822 1087 977 1172 contulit,
993 1087 1155 1157 orationis
1169 1106 1259 1158 textu
1279 1113 1409 1183 expun-

246 1215 400 1306 gendum
418 1230 481 1284 est.
577 1277 585 1296 .

336 1342 370 1408 4.
381 1339 512 1408 Verum
528 1338 674 1406 alterurn
688 1333 791 1404 etiam
803 1333 1073 1402 additamentum
1082 1333 1282 1426 Spengelius
1291 1352 1409 1406 eontra

247 1462 562 1532 Dobraeumverba
583 1461 628 1529 ab
652 1459 891 1550 interpolatore
908 1456 1061 1548 quodam
1075 1481 1114 1526 ex
1128 1474 1213 1528 orat.
1240 1457 1413 1537 Cherson.

248 1586 324 1673 §49
347 1585 416 1654 huc
439 1607 513 1654 esse
536 1584 698 1654 translata
720 1579 924 1649 arbitratum
949 1582 1111 1668 (Advers.
1134 1581 1163 1668 Ι,
1183 1605 1219 1672 p.
1237 1583 1315 1670 375)
1335 1584 1411 1675 opi-

248 1727 351 1779 natur
373 1733 447 1778 esse
470 1706 669 1800 genuinum.
686 1705 774 1773 Dicit
792 1701 885 1771 enim
900 1704 1168 1774 Demosthenem
1193 1727 1263 1774 non
1286 1707 1329 1775 de
1346 1725 1415 1776 tra-

248 1833 369 1904 dendis
389 1831 553 1923 Philippo
571 1828 764 1899 oratoribus
783 1849 893 1916 neque
916 1827 1018 1895 etiam
1032 1827 1075 1896 de
1098 1828 1139 1896 iis
1154 1852 1241 1920 quae
1253 1849 1413 1922 regnante

252 1957 455 2027 Alexandro
477 1953 660 2024 acciderint
681 1953 784 2020 verba
806 1951 934 2034 facere,
970 1951 1029 2019 sed
1066 1952 1193 2021 hortari
1224 1955 1333 2044 cives,
1371 1979 1414 2026 ne

249 2098 436 2168 oratorem,
455 2078 515 2169 qui
530 2075 734 2169 reipublicae
753 2076 913 2144 inserviat
932 2074 1152 2164 utilitatibus,
1184 2079 1312 2168 patriae
1337 2103 1415 2171 pro-

250 2207 420 2275 ditoribus
443 2227 465 2273 a
487 2202 649 2294 Philippo
672 2200 839 2292 corruptis
864 2217 1085 2292 postponant.
1113 2201 1180 2270 Hic
1202 2219 1318 2273 autem
1350 2205 1414 2298 loci

253 2354 388 2418 sensus,
418 2345 457 2396 ut
480 2293 757 2396 F'unkhaenelius
780 2325 815 2393 in
853 2324 974 2392 illustri
1006 2347 1070 2394 suo
1100 2347 1169 2415 quo
1197 2325 1417 2420 Spengelium

250 2454 397 2524 concidit
420 2452 533 2523 libello
557 2450 668 2541 (epist.
695 2449 817 2541 gratul.
835 2449 879 2516 ad
893 2447 1040 2518 Godolr.
1066 2449 1310 2520 Hermannum
1324 2453 1417 2543 data)

249 2597 339 2648 recte
356 2575 607 2664 animadvertit,
629 2576 724 2644 nullo
743 2574 847 2643 modo
863 2574 964 2642 statui
983 2589 1104 2664 potest.
1131 2574 1220 2646 Illud
1239 2576 1267 2644 si
1287 2577 1414 2648 Demo-

250 2704 387 2772 sthenes
395 2700 583 2792 exprimere
596 2699 768 2786 voluisset,
785 2720 854 2766 non
872 2703 938 2768 τῶν
950 2699 1032 2779 ὑπὲρ
1046 2701 1137 2782 ὑμῶν
1152 2702 1315 2778 λεγόντων
1327 2703 1417 2784 τινάς

250 2844 310 2896 aut
331 2827 424 2917 quod
438 2803 523 2894 'Pal
538 2819 709 2895 'Schultzii
733 2823 823 2909 (Pal.
848 2821 1072 2908 ovoemelii)
1093 2821 1232 2912 praebet
1252 2827 1318 2890 τῶν
1334 2824 1416 2904 ὑπὲρ

250 2953 342 3034 ὑμῶν
372 2951 536 3029 λεγόντων
553 2949 655 3030 τινάς,
677 2946 737 3015 sed
764 2949 843 3026 τοὺς
870 2987 910 2996 -
932 2947 1088 3030 λέγοντας
1110 2944 1256 3014 scribere
1285 2942 1414 3014 debuit.

252 3073 409 3163 Apparet
432 3045 533 3159 igitur
555 3067 659 3137 verba
671 3066 727 3136 illa
743 3091 813 3137 non
827 3090 848 3136 a
863 3067 1092 3137 Demosthene
1111 3068 1273 3160 profecta,
1295 3068 1355 3136 sed
1373 3107 1417 3120 —-

251 3194 287 3262 id
312 3192 406 3283 quod
425 3189 624 3282 Spengelius
644 3191 745 3259 etiam
762 3191 958 3282 nuperrime
974 3192 1051 3279 (Die
1067 3193 1194 3275 Δημηγ.
1211 3193 1271 3260 des
1287 3191 1415 3260 Demo-

251 3319 319 3386 sth.
347 3315 441 3402 1860,
461 3338 496 3406 p.
515 3315 571 3404 72)
594 3313 908 3421 animojnformare
931 3316 1136 3385 nondum-
1149 3333 1261 3407 potest
1282 3314 1327 3383 ab
1349 3312 1417 3382 alio

252 3439 366 3510 nescio
389 3461 459 3528 quo
482 3438 703 3530 grammatico
728 3437 948 3507 historiarum
967 3439 1075 3530 perito
1089 3461 1161 3508 esse
1176 3437 1322 3526 adiecta,
1344 3435 1415 3527 qui,

251 3587 333 3635 cum
354 3564 439 3633 alios
464 3578 614 3644 oratores
636 3579 711 3632 tum
735 3565 1000 3633 Demosthenem
1022 3565 1109 3636 tradi
1133 3562 1197 3633 sibi
1222 3563 1418 3633 Alexander

252 3689 415 3776 iussisset,
440 3687 505 3756 hoc
531 3687 624 3778 quod
642 3704 721 3778 post
743 3687 872 3758 lactum
894 3707 943 3757 est
957 3690 1001 3759 ad
1020 3689 1211 3783 marginem
1229 3687 1415 3758 adnotavit.

251 3811 340 3883 Sunt
361 3809 463 3902 igitur
486 3831 567 3877 cum
592 3833 644 3900 pr.
670 3815 697 3878 Σ
718 3827 750 3879 et
772 3834 824 3902 pr.
854 3813 961 3881 Laur.
986 3813 1142 3884 delenda.

341 3955 373 4022 5.
400 3951 475 4044 (Sp.
500 3975 535 4042 p.
565 3953 639 4040 193)
663 3950 750 4039 §to
773 3959 800 4024 εἰ
829 3955 887 4024 δ’ὃ
902 3956 1050 4039 βούλεται
1072 3962 1177 4039 Ζητῶν
1201 3956 1337 4034 ἕκαστος
1363 3976 1419 4022 κα·

252 4083 392 4148 θεοεῑτειι
412 4078 465 4144 καὶ
485 4076 575 4156 ὅπως
596 4079 696 4158 μηδὲν
711 4079 808 4158 αὐτὸς
819 4079 949 4158 ποιήσει
962 4083 1105 4160 σκοπῶν,
1118 4084 1249 4160 πρῶτον
1266 4080 1324 4158 μὲν
1341 4075 1419 4144 οὐδὲ

254 4198 371 4282 μήποθ’
403 4197 481 4280 εὕρῃ
503 4197 580 4276 τοὺς
611 4197 820 4278 ποιήσοντας,
850 4199 960 4265 ἔπειτα
991 4201 1121 4265 δέδοικα
1143 4198 1233 4278 ὅπως
1255 4199 1296 4281 μὴ
1325 4197 1420 4264 πάνθ’

253 4319 327 4400 ἅμα,
349 4316 414 4385 ὅσα
437 4318 475 4383 οὐ
502 4317 693 4398 βουλόμεθη
716 4321 822 4384 ποιεῖν
845 4317 921 4400 ἡμῖν
944 4318 1066 4400 ἀνάγκη
1089 4320 1268 4400 γενήσεται·
1290 4318 1333 4404 [εἰ
1357 4319 1419 4397 γὰρ

253 4440 349 4521 ἦσαν,
373 4438 500 4520 εὕρηντ’
522 4438 562 4506 ἂν
582 4439 681 4505 πάλαι
702 4439 797 4507 ἕνεκά
811 4460 848 4518 γε
865 4443 923 4505 τοῦ
943 4443 1043 4524 μηδὲν
1061 4439 1144 4522 ἡμᾶς
1159 4443 1264 4507 ποιεῖν
1285 4439 1418 4518 ἐθέλειν,
