3628 5272
937 396 971 408 ..
988 365 1022 424 10
1040 395 1072 406 -

424 488 569 568 ἀλλὀὐκ
590 497 696 582 εἰσίν]
722 488 795 559 Etsi
803 483 1007 580 ‘Spengelius
1030 482 1162 554 codices
1187 482 1297 552 adfert
1320 481 1365 572 F,
1386 476 1475 571 Σ,Ὠ,
1490 507 1526 569 u,
1547 501 1581 564 v,

423 621 458 688 in
481 617 606 710 quibus
629 615 713 684 illud
747 614 840 684 deest
865 605 1031 702 Vulgatae
1054 607 1340 696 additamentum,
1373 605 1438 676 hoc
1467 620 1583 673 tamen

423 760 519 836 putat
543 741 607 812 sibi
627 763 699 812 esse
723 736 938 807 retinendum
962 733 1019 824 ita,
1045 749 1094 823 ut,
1117 732 1210 824 quod
1233 747 1321 801 recte
1342 729 1489 799 viderint
1511 728 1582 797 Do·

423 873 557 960 bracus,
583 863 803 952 Schaeferus‚
831 861 1064 952 Ruedigerus,
1085 873 1163 950 post
1180 864 1379 944 ποιήσοντας
1403 855 1505 926 textui
1531 856 1583 924 in-

422 1010 564 1064 seratur.
604 989 760 1060 Profecto
792 986 820 1056 si
843 987 986 1055 omnino
1016 983 1118 1054 verba
1150 985 1207 1054 illa
1239 983 1377 1052 luerunt
1407 980 1441 1050 in
1472 995 1580 1069 textu,

420 1119 492 1190 fieri
515 1141 585 1204 non
609 1130 721 1216 potest
743 1112 824 1205 quin
845 1133 884 1181 eo
909 1113 991 1212 loco·
1006 1130 1109 1200 quem
1134 1123 1323 1178 statuerunt
1345 1107 1409 1176 viri
1424 1104 1472 1176 illi
1493 1103 1583 1174 docti

421 1246 504 1314 lecta
526 1240 662 1311 luerint.
681 1237 791 1311 Scribi
809 1259 890 1307 vero
909 1258 948 1305 ea
966 1257 986 1302 a
1005 1234 1234 1304 Demosthene
1253 1209 1408 1323 unquam
1432 1230 1583 1324 potuisse

419 1367 493 1435 iure
509 1378 608 1455 negat
622 1360 898 1430 Funkhaenelius
913 1360 947 1448 (l.
958 1357 1052 1447 cit),
1070 1357 1163 1448 quod
1176 1358 1279 1428 verba
1295 1360 1322 1426 εἰ
1343 1359 1371 1426 δ’
1392 1360 1411 1424 ὃ
1434 1359 1583 1442 βούλεται

421 1496 525 1571 ζητῶν
549 1491 684 1568 ἕκαστος
718 1489 899 1554 καθεδεῖται
905 1535 990 1552 ......
1030 1497 1063 1549 et
1099 1484 1193 1552 ἕνεκά
1221 1505 1258 1562 γε
1291 1487 1348 1547 τοῦ
1380 1482 1478 1562 μηδὲν
1500 1479 1583 1560 ἡμᾶς

419 1615 524 1679 ποιεῖν
547 1611 669 1677 ἐθέλειν
692 1621 763 1674 tam
782 1606 962 1674 molestam
984 1605 1180 1674 contineant
1203 1600 1387 1671 sententiae
1410 1597 1579 1689 repetitio·

420 1753 511 1819 nem,
537 1730 672 1820 qualem
697 1729 892 1812 admississe
910 1730 1178 1799 Demosthenem
1197 1727 1290 1797 haud
1301 1725 1398 1795 facile
1420 1723 1497 1815 quis
1516 1723 1582 1791 sibi

422 1856 636 1952 persuadeat.
668 1855 714 1923 Et
745 1854 908 1945 quoniam
937 1853 1098 1924 tredecim
1134 1851 1226 1944 apud
1260 1847 1477 1918 Voemelium
1504 1843 1581 1914 libri

421 1978 662 2071 manuscripti
686 1995 719 2047 et
734 1979 769 2048 in
792 1980 845 2048 his
859 1982 898 2072 12
922 1977 966 2046 ad
983 2001 1070 2071 quos
1093 1975 1256 2049 Schultzii
1280 1973 1444 2072 accedunt
1466 1969 1578 2040 Codd.

420 2103 518 2172 Man.
545 2118 577 2171 et
599 2103 692 2192 Vat,
718 2102 988 2171 additamentum
1017 2101 1101 2170 illud
1131 2102 1312 2189 omittunt,
1337 2120 1408 2167 non
1435 2096 1505 2164 iam
1532 2110 1581 2163 est

419 2225 564 2314 dubium
589 2225 672 2316 quin
695 2226 878 2296 delendum
903 2225 957 2295 sit.

463 2350 651 2419 Veniamus
675 2371 778 2439 nunc,
805 2350 833 2420 is
857 2351 949 2420 enim
972 2349 1034 2420 erit
1056 2350 1141 2419 alter
1164 2350 1277 2437 locus,
1305 2346 1349 2414 acl
1374 2367 1414 2414 ea
1447 2341 1578 2411 addita·

418 2491 544 2556 menta,
577 2497 664 2564 quae
689 2473 888 2566 Spengelius
914 2475 1004 2544 etin
1037 2473 1271 2543 dissertatione
1307 2471 1350 2540 de
1381 2485 1466 2538 orat.
1487 2466 1578 2537 'Phi-

417 2596 500 2690 lipp.
527 2597 595 2666 lll.
620 2620 652 2667 a.
690 2599 771 2668 1839
796 2599 921 2686 scripta
949 2615 981 2666 et
1005 2599 1041 2668 in
1065 2598 1178 2667 libello
1202 2599 1244 2665 de
1267 2593 1485 2666 contionibus
1509 2591 1576 2659 De-

418 2722 606 2792 mosthenis
627 2745 659 2792 a.
688 2724 770 2792 1860
789 2723 880 2793 edito
910 2723 954 2793 ab
978 2724 1053 2816 ipso
1086 2739 1220 2794 oratore
1247 2721 1377 2791 adiecta
1400 2741 1473 2788 esse
1495 2738 1577 2785 con-

415 2846 535 2916 tendit.

504 2982 536 3048 6.
562 2978 651 3067 §20.
676 2983 762 3050 ὥστε
774 2981 851 3047 οὐδὲ
873 2982 964 3047 δοκεῖ
975 3002 1028 3063 μοι
1049 2983 1123 3063 περὶ
1138 2980 1348 3062 Χερρονήσου
1364 2981 1424 3044 νῦν
1441 2977 1576 3043 σκοπεῖν

417 3104 495 3171 οὐδὲ
525 3105 709 3187 Βυζαντίου,
741 3101 809 3169 ἀλλ’
831 3103 987 3184 ἐπαμῦναι
1010 3105 1068 3185 μὲν
1097 3104 1225 3183 τούτοις
1247 3103 1299 3167 καὶ
1320 3103 1510 3179 διατηρῆσαι
1537 3097 1577 3178 μή

416 3246 446 3291 τι
473 3225 602 3291 πάθωσι
626 3224 690 3308 [καὶ
725 3228 794 3302 τοῖς
832 3223 925 3290 οὖσιν
949 3224 1015 3290 ἐκεῖ
1047 3228 1107 3290 νῦν
1130 3223 1340 3304 στρατιώταις
1362 3220 1458 3290 πάνθ’
1487 3221 1578 3287 ὅσων

416 3343 456 3411 ἂν
480 3346 616 3411 δέωνται
638 3343 854 3430 ἀποστεῖλαι],
880 3345 1225 3428 βουλεύεσθαι·«μέντοι
1253 3344 1339 3429 περῖγ
1353 3343 1484 3410 πάντων
1512 3346 1578 3408 τῶν

409 3463 572 3544 Ἑλλήνων
588 3466 633 3545 ῶς
656 3465 691 3532 ἐν
713 3465 853 3554 κινδύνῳ
870 3467 997 3551 μεγάλῳ
1009 3464 1233 3532 καθεστώτων.
1260 3461 1348 3552 lpsis
1373 3462 1444 3532 iam
1464 3460 1576 3531 verbis

415 3583 502 3672 quae
527 3583 563 3651 in
581 3584 658 3653 cod.
684 3591 709 3653 Σ
735 3585 899 3675 legantur,
920 3603 1017 3677 putat
1039 3585 1239 3677 Spengelius
1262 3585 1432 3678 Diopithis
1456 3604 1488 3655 et
1512 3589 1576 3656 mi-

413 3707 599 3777 litum'eius
614 3709 789 3801 perspicue
800 3710 917 3779 haberi
934 3711 1113 3812 rationem,
1130 3734 1251 3780 verum
1261 3712 1427 3803 Vulgatae
1437 3711 1578 3780 demum

412 3819 646 3909 additamento
663 3839 808 3909 discerni
833 3842 896 3910 hos
918 3842 963 3910 ab
989 3840 1200 3928 hominibus,
1226 3843 1285 3934 qut
1310 3843 1376 3912 unc
1402 3840 1575 3913 habitent:

412 3962 526 4053 itaque
561 3964 818 4052 explicationem
842 3965 936 4035 illam
965 3967 1108 4060 abipso
1142 3970 1371 4038 Demosthene
1404 3984 1578 4060 postesse

413 4087 567 4157 additam
586 4109 656 4158 non
677 4111 750 4157 esse
772 4087 1009 4180 improbabile.
1039 4089 1139 4178 Quin
1167 4090 1335 4182 Diopithis
1363 4091 1578 4182 militumque

415 4211 488 4282 eius
500 4213 628 4282 mentio
646 4235 677 4281 a.
701 4213 783 4282 1860
802 4235 872 4283 non
885 4213 990 4283 modo
1010 4235 1079 4284 non
1099 4215 1129 4284 ei
1148 4213 1280 4285 videtur
1299 4238 1371 4285 esse
1390 4213 1575 4307 superflua,

414 4337 473 4404 sed
497 4360 604 4430 paene
623 4338 826 4407 necessaria:
861 4338 975 4430 ipsum
1005 4341 1212 4411 vocabulum
1236 4345 1297 4408 νῦν
1317 4339 1461 4409 oratoris
1485 4339 1574 4409 indi-

413 4465 492 4529 care
515 4484 670 4531 manum.
699 4462 810 4550 Quod
833 4485 901 4553 qua
920 4463 962 4530 de
986 4485 1088 4532 causa
1112 4465 1155 4532 sit
1173 4465 1401 4534 necessarium
1420 4464 1513 4536 haud
1533 4463 1577 4532 ita
