3628 5272
179 419 182 424 ⁵
263 441 475 512 Putaverunt
513 438 615 532 igitur
649 461 874 531 quaecunque
913 441 1069 510 deessent
1107 442 1141 510 in
1184 441 1299 512 codice
1331 447 1357 512 Σ
1387 419 1443 513 εα

262 587 402 658 prorsus
431 587 505 634 esse
541 563 704 636 eicienda.
743 566 861 656 Atque
895 565 960 634 hoc
994 581 1177 636 tenuerunt
1214 565 1282 655 illi,
1320 567 1428 638 donec
1717 559 1720 572 ¹

267 687 460 760 Voernelius
491 687 675 758 editionem
698 709 799 758 suam
826 687 1026 758 contionum
1060 688 1298 759 Demosthenis
1326 689 1426 759 uber·
1502 733 1504 740 ι
1566 767 1573 784 ν
1677 765 1702 786 ,¹

262 813 350 882 rimo
381 829 547 906 apparatu
579 812 695 882 critico
723 811 925 882 instructam
951 833 1044 882 anno
1078 816 1160 884 1857
1196 812 1290 882 foras
1321 811 1425 882 dedit.
1523 885 1525 888 ,
1767 859 1796 932 't

265 935 350 1025 Qua
388 937 432 1006 ad
469 936 669 1006 solvendam
706 936 939 1026 quaestionem
977 953 1130 1006 nostram
1166 952 1307 1028 apparet
1343 936 1428 1008 duas
1508 931 1509 934 '
1542 1031 1544 1034 Ι
1585 1017 1586 1024 ¹
1617 973 1624 1046 i
1666 917 1689 1010 a*
1716 917 1795 1040 iss·

261 1059 359 1150 quasi
381 1061 454 1130 vias
478 1060 582 1130 fuisse
604 1076 751 1154 apertas.
774 1061 936 1152 Namque
957 1077 1017 1131 aut
1039 1060 1158 1152 ingens
1177 1059 1235 1130 illa
1254 1058 1428 1130 variarum
1503 1133 1504 1136 ,
1577 1047 1578 1050 “

262 1184 445 1256 lectionum
466 1185 619 1256 collectio
643 1207 768 1278 magno
806 1203 1008 1278 argumento
1044 1203 1094 1254 est
1121 1184 1352 1278 principatum
1375 1183 1428 1254 in·
1532 1243 1534 1248 ,
1619 1195 1620 1198 ’
1655 1189 1665 1280 s

1772 1291 1784 1316 1

261 1324 311 1377 ter
336 1309 441 1379 libr'os
464 1331 570 1380 manu
593 1308 736 1402 scriptos
761 1308 869 1379 codici
889 1315 915 1379 Σ
940 1310 974 1378 in
1003 1331 1142 1380 omnem
1170 1307 1428 1401 perpetuitatem

264 1434 335 1503 iure
358 1456 431 1503 esse
453 1433 675 1503 tribuendum
700 1431 734 1502 in
758 1455 868 1524 eoque
883 1432 952 1502 iam
968 1455 1053 1522 esse,
1071 1449 1110 1502 ut
1131 1431 1236 1502 critici
1248 1432 1431 1524 langueant

263 1559 344 1646 oti0‚
370 1555 567 1650 interpretes
590 1578 653 1626 suo
672 1579 814 1627 munere
833 1556 1029 1648 fungantur,
1052 1573 1111 1626 aut
1130 1578 1169 1625 ex
1187 1571 1353 1648 apparatu
1372 1553 1430 1622 illo

264 1699 428 1772 tanquam
452 1682 582 1773 optimo
605 1680 873 1752 armamentario
896 1683 961 1752 tela
977 1698 1057 1751 sunt
1069 1680 1215 1773 petenda
1234 1679 1359 1770 quibus
1372 1700 1430 1748 co·
1502 1763 1503 1766 Ἴ

264 1804 346 1874 dicis
369 1809 396 1874 Σ
419 1804 666 1893 auctoritatem,
702 1827 790 1895 quae
823 1822 956 1897 reperto
989 1805 1106 1874 codice
1138 1805 1245 1874 Laut.
1281 1823 1431 1874 crescere

264 1928 365 1999 etiam
390 1929 581 2020 videbatur,
607 1930 854 2000 imminuamus
878 1947 911 2000 et
933 1930 1051 2000 latiore
1081 1931 1179 2022 quasi
1206 1930 1430 2000 fundamento

264 2025 399 2123 subniiri
421 2071 530 2123 artem
553 2052 704 2123 criticam
727 2076 807 2124 cum
833 2053 963 2124 maiore
986 2054 1140 2124 libertate
1162 2053 1339 2123 faciamus.
1362 2055 1429 2122 At-

267 2201 332 2270 que
354 2179 417 2248 hac
441 2179 483 2248 de
508 2201 545 2249 re
576 2194 696 2269 postea
729 2180 921 2248 accuratius
953 2179 1015 2249 erit
1051 2179 1314 2273 disputandum:
1346 2178 1430 2248 illud

266 2322 345 2370 vero
368 2300 396 2369 si
422 2299 635 2393 respicimus,
660 2323 781 2372 omnes
800 2325 887 2393 quos
906 2305 1011 2372 modo
1026 2301 1215 2372 memoravi
1234 2300 1326 2370 viros
1346 2302 1428 2371 doc·
1490 2385 1492 2390 Ι
1802 2304 1803 2324 ³

265 2441 318 2493 tos
341 2440 374 2493 et
391 2423 426 2493 in
446 2424 500 2494 his
519 2424 621 2495 etiam
640 2425 720 2496 inde
742 2427 785 2496 ab
817 2449 909 2496 anno
930 2427 1011 2496 1860
1042 2425 1260 2516 Schultqium
1290 2419 1431 2518 apparet

264 2549 471 2642 congregari.
500 2548 576 2638 Qui
600 2572 688 2641 quae
706 2550 751 2619 ad
774 2549 1025 2622 defendendam
1045 2550 1236 2622 breviorem
1260 2549 1430 2620 codicisz
1521 2549 1524 2556 ’

266 2672 444 2742 lectionem
466 2673 640 2744 attulerint
657 2694 751 2745 nunc
774 2677 964 2749 videamus.
990 2675 1057 2749 Sed
1076 2675 1148 2754 dies
1164 2697 1220 2744 me
1242 2671 1386 2762 deficiat,
1399 2672 1427 2741 si

265 2819 385 2866 omnes
409 2795 567 2889 deinceps
591 2799 684 2868 locos
707 2799 809 2869 velim
835 2821 1048 2884 enumerare,
1073 2821 1160 2892 quos
1175 2799 1222 2868 illi
1241 2797 1343 2868 variis
1366 2797 1429 2866 ad-

263 2919 457 2990 ditamentis
482 2922 533 2990 vel
556 2921 820 3014 pronominibus
853 2925 904 2993 vel
937 2923 1110 3016 particulis
1132 2923 1184 2992 vel
1213 2921 1318 2991 verbo
1350 2920 1432 2990 εἶναι

265 3045 405 3136 eiusque
429 3043 551 3116 formis
573 3047 625 3114 vel
649 3045 959 3139 praepositionibus
984 3047 1038 3116 vel
1057 3047 1234 3116 rhetorum
1257 3063 1430 3136 gramma-

264 3168 451 3238 ticorumve
474 3169 736 3261 amplificatione
759 3186 876 3239 auctos
892 3191 965 3238 esse
979 3185 1067 3238 recte
1088 3167 1334 3254 iudicaverint3
1352 3181 1451 3233 suntw
1500 3193 1503 3202 ἱ
1595 3163 1597 3170 “

265 3294 357 3363 enim
383 3295 465 3364 haec
481 3316 549 3387 per
568 3315 603 3362 se
626 3294 718 3364 clara
737 3307 769 3363 et
791 3295 973 3364 doctorum
987 3292 1141 3362 virorum
1155 3308 1325 3361 consensu
1339 3303 1431 3357 certa

266 3440 377 3509 neque
400 3416 434 3488 in
453 3417 502 3487 eis
515 3440 602 3510 opus
623 3434 674 3486 est
692 3419 854 3510 exemplis
873 3434 932 3487 aut
950 3434 1104 3509 tempore
1123 3415 1230 3486 abuti:
1250 3414 1295 3483 ad
1307 3435 1347 3482 ea
1362 3429 1432 3482 sta-

265 3542 327 3611 tim
346 3540 576 3612 additamenta
596 3542 681 3612 mihi
699 3544 949 3612 transeundum
968 3542 1158 3626 essedum,
1180 3537 1215 3607 in
1234 3535 1361 3628 quibus
1378 3552 1431 3604 to·
1518 3547 1520 3552 '

266 3665 333 3734 tius
357 3665 566 3756 quaestionis
589 3667 694 3736 cardo
717 3667 872 3737 vertitur.

313 3788 394 3858 Huc
414 3788 584 3880 imprimis
616 3789 813 3861 referendus
841 3795 926 3884 est}
950 3798 1023 3880 46,
1051 3791 1094 3859 de
1127 3808 1196 3879 quo
1223 3805 1334 3879 pauca
1362 3783 1433 3854 iam

269 3925 345 3978 ante
369 3909 531 3982 diximus.

270 4273 277 4286 ι
315 4173 333 4263 S
361 4181 433 4248 46.
455 4177 525 4246 ἀλλ’
545 4177 585 4244 οὐ
607 4181 678 4244 νῦν·
701 4179 739 4245 οὐ
762 4177 824 4258 γὰρ
846 4177 953 4258 οὕτως
974 4176 1056 4259 ἔχεθ’
1078 4176 1170 4260 ὑμεῖς
1192 4175 1268 4242 οὔτε
1289 4174 1372 4254 πρὸς
1392 4175 1433 4241 τὰ

270 4301 402 4364 τοιαῦτα
424 4297 499 4366 οὔτε
520 4299 603 4378 πρὸς
622 4296 731 4378 τᾶλλα,
755 4298 837 4365 ἀλλὰ
858 4302 939 4379 πῶς
955 4297 1039 4382 [ἴστε
1055 4299 1156 4365 αὐτοί·
1179 4297 1209 4365 τί
1225 4297 1287 4377 γὰρ
1300 4299 1350 4363 δεῖ
1362 4297 1437 4376 περὶ

269 4419 401 4487 πάντων
424 4419 515 4501 ὑμῶν
538 4421 743 4500 κατηγορεῖν;
766 4420 1000 4500 παραπλησίως
1021 4420 1058 4486 δὲ
1083 4421 1136 4485 καλ
1168 4418 1266 4484 οὐδὲν
1306 4417 1433 4501 βέλτιον
1512 4441 1514 4446 ·
1573 4479 1576 4492 ,χ
1679 4469 1681 4472 .
1738 4379 1804 4528 i
