3628 5272
802 321 869 378 ..5
887 349 922 360 ..

275 439 352 510 tatis
379 438 565 526 subiunxit,
591 437 812 531 Spengelium
835 455 975 530 apparet
996 460 1073 510 cum
1095 463 1113 508 e
1131 439 1267 532 triginta
1286 443 1441 514 locorum

251 567 318 668 ‘de
342 566 468 657 quibus
491 565 674 656 disputavit
703 585 847 632 numero
880 563 1061 634 duodecim
1089 565 1193 634 modo
1230 579 1266 634 ut
1295 569 1440 659 genuina

276 689 509 760 additamenta
531 706 705 782 agnoscat,
740 688 974 780 duodeviginti
998 689 1146 781 reliquos
1168 691 1261 781 quod
1286 707 1344 761 aut
1371 694 1439 762 De-

276 816 459 886 mosthene
484 814 552 884 sint
576 813 706 906 indigni
728 831 786 884 aut
810 814 986 906 perspicue
1008 838 1090 907 prae
1112 815 1271 886 scierant
1294 819 1441 909 interpo-

277 939 415 1014 lationis
438 956 554 1010 notam
586 939 721 1009 reicere.
758 939 798 1007 ln
830 939 1016 1031 posteriore
1040 961 1120 1009 vero
1152 941 1379 1032 disputatione
1406 965 1438 1012 a.

280 1067 362 1136 1860
395 1065 486 1135 edita
508 1087 588 1134 curn
611 1066 675 1134 hoc
700 1064 856 1133 locorum
880 1087 987 1155 genus
1017 1064 1150 1133 silentio
1173 1088 1314 1157 prorsus
1339 1089 1439 1157 prae-

277 1187 451 1278 termittat,
475 1189 510 1257 id
532 1188 771 1257 tantummodo
795 1187 969 1258 contendit
992 1206 1183 1258 memoratu
1208 1211 1281 1258 esse
1299 1189 1440 1281 dignum

277 1330 309 1382 et
327 1311 477 1404 diligenti
500 1334 596 1404 egere
615 1311 823 1403 quaestione,
851 1330 968 1380 utrum
993 1312 1124 1380 maiora
1147 1312 1377 1382 additamenta
1395 1356 1441 1366 --

278 1452 310 1506 et
331 1460 370 1506 ex
393 1436 446 1505 his
472 1436 609 1527 quidem
630 1436 795 1527 quinque,
815 1459 902 1527 quae
921 1452 1036 1504 tamen
1055 1453 1154 1507 antea
1169 1436 1238 1507 iam
1258 1429 1455 1508 duodecim

277 1560 415 1630 illorum
440 1584 585 1631 numero
609 1579 705 1630 erant
728 1561 975 1653 comprehensa
988 1601 1032 1612 --
1045 1561 1089 1630 ab
1113 1561 1187 1652 ipso
1206 1578 1339 1630 oratore
1357 1585 1439 1653 pro·-

277 1685 363 1756 fecta
386 1708 430 1755 an
454 1687 499 1755 ab
523 1685 644 1778 ignotis
673 1685 866 1756 rhetoribus
894 1685 1134 1754 Demosthenis
1166 1686 1268 1755 verba
1293 1686 1439 1774 amplifi·
1551 1674 1558 1684 ⁸

276 1810 432 1880 cantibus
453 1810 582 1880 adiecta
600 1808 679 1878 sint.
704 1809 772 1882 Sed
793 1808 956 1900 quoniam
981 1809 1181 1901 Spengelius
1207 1809 1438 1902 duodeviginti

268 1936 370 2026 ‘locos
392 1950 473 2002 nota
496 1933 765 2026 interpolationis
788 1949 921 2003 notatos
947 1956 967 2001 a
996 1932 1134 2024 reliquis
1158 1932 1336 2027 disiungit‚
1370 1934 1439 2004 iam

277 2061 342 2129 hoc
372 2061 447 2128 loco
469 2059 602 2128 videtur
632 2059 881 2142 necessarium,
914 2058 1085 2128 iudicandi
1109 2059 1261 2151 regulam
1286 2082 1325 2128 ac
1357 2082 1438 2128 nor-

278 2207 371 2254 mam
396 2184 432 2254 in
455 2183 568 2254 medio
593 2206 719 2275 ponere
741 2207 829 2268 eam,
851 2206 938 2275 quae
957 2207 996 2253 ex
1019 2207 1059 2253 eo
1082 2185 1174 2274 quod
1194 2183 1237 2252 de
1261 2183 1386 2254 codicis
1415 2191 1441 2254 Σ

278 2307 365 2377 inter
383 2307 531 2398 reliquos
547 2307 651 2376 libros
664 2310 803 2399 exposui
821 2309 1039 2378 collocatione
1058 2305 1210 2378 efficitur:
1235 2306 1348 2396 Quum
1361 2330 1442 2399 per-

277 2429 388 2498 multo
413 2429 450 2498 in
473 2427 632 2498 oratione
651 2428 850 2523 Philippica
871 2429 978 2516 tertio
1004 2429 1254 2509 additamenta,
1277 2451 1363 2520 quae
1380 2431 1439 2498 de-

276 2565 359 2635 sunt
384 2553 421 2621 in
446 2553 522 2622 cod.
550 2556 587 2632 Σ,
616 2575 684 2621 non
707 2574 728 2620 a
752 2552 1003 2622 codicesolum
1032 2552 1283 2643 Laurentium,
1310 2554 1370 2622 sed
1398 2551 1441 2620 ab

277 2677 362 2746 aliis
384 2676 502 2756 ett'am,
533 2675 767 2757 Manettt'uno,
799 2675 982 2765 Vaticano,
1004 2677 1185 2758 Palatino,
1212 2677 1438 2757 omittuntur,

262 2799 434 2872 'omnibus
448 2801 533 2894 sere
558 2799 656 2880 locis,
683 2798 806 2892 quibus
830 2799 972 2870 omissio
995 2802 1161 2892 quaedum
1195 2799 1326 2870 codicis
1355 2804 1381 2867 Σ
1403 2800 1440 2869 in

276 2922 361 2991 alit‘s
382 2945 513 3014 quoque
535 2921 640 2991 libris
660 2923 848 3003 invenitur,
873 2923 1071 3014 saepissime
1102 2945 1183 2993 vero
1214 2921 1319 2990 etium
1352 2933 1438 3002 tum,

277 3070 352 3118 cum
374 3047 470 3117 solus
489 3050 515 3113 Σ
533 3046 683 3129 omittit,
708 3047 863 3138 reliquos
888 3046 1021 3118 codices
1041 3022 1112 3115 niti
1126 3045 1211 3115 aliis
1219 3043 1439 3138 prohibitum

236 3254 240 3260 ⁶
276 3170 548 3244 sitrotiortibits
571 3169 800 3262 interpolatos
819 3192 888 3239 etse
908 3181 998 3240 recte
1018 3168 1262 3240 iudicabimus.

324 3296 400 3364 Hac
419 3294 590 3365 iudicandi
610 3296 725 3386 regula
741 3311 909 3385 tanquam
928 3293 1126 3363 firmissimo
1148 3293 1304 3387 instructi
1328 3291 1439 3361 admi-

278 3419 392 3488 niculo
407 3417 439 3486 ‘si
463 3416 531 3486 iam
550 3417 593 3485 ad
612 3416 782 3509 Spengelii
805 3418 1005 3513 sententiam
1029 3416 1289 3486 examinandam
1309 3416 1440 3486 accedi-

279 3566 368 3631 mus,
395 3563 557 3633 magnum
578 3541 889 3610 additamentorum
913 3563 1095 3610 numerum
1115 3542 1218 3610 abeo
1241 3563 1280 3610 ex
1298 3540 1441 3610 oratoris

278 3683 368 3734 textu
391 3665 546 3734 videmus
571 3664 643 3734 iure
662 3665 852 3756 meritoque
875 3664 1054 3735 removeri.
1072 3665 1161 3738 Sunt
1179 3664 1278 3733 enim·
1290 3664 1372 3734 haec
1391 3666 1441 3733 in-

278 3786 510 3880 terpolationis
533 3787 680 3879 vulgaris
711 3789 876 3880 exempla,
911 3788 1104 3879 dequibus
1131 3810 1251 3856 omnes
1277 3787 1345 3856 fere
1378 3787 1441 3857 viri

278 3912 369 3982 docti
394 3911 486 3980 idem
506 3911 666 4010 sentiunt.
696 3913 832 3982 Etenim
854 3913 1028 3982 adduntur
1053 3911 1259 4004 pronomina
1284 3913 1315 4001 (ξ
1341 3913 1380 3984 12
1405 3914 1440 3982 ἐν

278 4039 400 4118 αὐτοῖς,
425 4036 440 4124 §
461 4038 504 4106 36
526 4039 674 4121 ἅπαντες,
690 4041 704 4128 ξ
722 4043 765 4111 47
783 4045 940 4121 τοιοῦτος,
961 4038 976 4127 ξ
991 4038 1030 4105 18
1050 4041 1150 4122 ὑμῶν,
1169 4037 1440 4128 §2ut'rrt‘1)‚par-

278 4155 399 4225 ticulae
418 4159 448 4248 (§
467 4162 509 4230 29
527 4166 640 4244 δήπου,
665 4159 680 4248 ξ
707 4164 748 4231 37
772 4163 830 4244 ἀεί,
861 4163 875 4251 §
902 4164 945 4230 54
970 4164 1054 4250 ἢῆ),
1077 4161 1221 4231 verbum
1245 4157 1361 4246 eivot§
1387 4160 1438 4246 61,

279 4281 356 4350 alia.
378 4281 445 4350 His
461 4283 503 4352 de
521 4282 603 4352 locis
622 4282 735 4352 'fusius
758 4283 930 4376 disputare
954 4286 1095 4376 longum
1117 4302 1179 4356 est.
1211 4284 1324 4354 Etiam
1356 4285 1439 4352 alte-

278 4427 356 4475 rum
384 4405 468 4475 illud
493 4431 599 4499 genus
626 4407 951 4500 additamentorum,
978 4410 1103 4501 quibus
1124 4410 1170 4500 id,
1202 4409 1296 4501 quod
1328 4427 1442 4478 orator
