3628 5272
739 375 775 388 ..
790 349 827 404 45
842 377 877 388 -

224 473 336 537 Ζεσθαι
372 469 582 550 βουλομένων
619 465 753 534 animos
781 464 901 534 afferre
928 467 1089 535 voluisse.
1122 470 1171 534 At
1205 468 1295 537 unde
1331 471 1396 566 hoc

224 588 418 660 Schultzius
441 606 657 680 compertum
681 589 807 658 habet?
828 587 913 675 Qua
932 589 1070 658 tandem
1091 611 1127 657 re
1150 589 1305 682 cogimur
1323 606 1392 662 tam

222 713 321 780 anxie
345 733 501 802 premere
522 710 638 798 verba,
672 710 812 799 etquid
843 726 933 778 vetat
962 732 1025 779 nos
1062 711 1276 782 enuntiatum
1311 713 1395 783 illud

222 855 303 902 cum
322 833 514 924 Spengelio‚
539 835 594 901 cui
617 833 678 902 etsi
702 855 770 901 non
796 834 1024 902 necessarium
1047 851 1161 903 tamen
1185 835 1231 904 ab
1261 852 1395 906 oratore

222 973 301 1047 post
322 956 477 1026 additum
502 979 575 1025 esse
599 956 743 1044 videtur,
770 971 890 1048 aptum
913 955 1084 1026 iudicare?
1115 958 1270 1048 Denique
1301 961 1395 1050 quod

224 1079 459 1149 Rehdantzius
484 1080 616 1171 putavit
639 1079 667 1148 si
694 1081 915 1171 respiceretur
946 1079 990 1148 ad
1021 1081 1135 1150 locum
1166 1081 1263 1150 illum
1301 1083 1392 1152 Phil.

225 1205 287 1273 lV.
313 1205 329 1294 ξ
350 1204 410 1271 43:
436 1207 507 1287 ἐμοὶ
528 1206 591 1286 γὰρ
614 1208 723 1286 οὐδεὶς
746 1207 852 1284 odunt
876 1204 989 1284 ἄθλιος
1012 1204 1080 1272 οὐδ’
1103 1206 1192 1287 ὠμὸς
1206 1205 1289 1276 εἶναι
1305 1186 1397 1278 δοκεῖ

222 1329 282 1407 τὴν
308 1329 456 1410 γνώμην,
482 1329 603 1414 οὔκουν
626 1325 808 1406 Ἀθηναίων
830 1346 879 1406 γε,
901 1330 986 1395 ὥστε
1020 1331 1192 1398 λυπεῖσθαι
1214 1327 1316 1395 etiam
1340 1329 1396 1396 hic

223 1445 443 1514 scribendum
466 1469 539 1514 esse
562 1449 683 1516 οὔκουν
702 1444 872 1533 (nedum),
898 1444 933 1513 id
966 1445 1039 1514 iure
1066 1445 1224 1516 refutavit
1255 1448 1393 1522 Schult-

221 1570 307 1655 zius,
333 1591 414 1636 curn
437 1569 561 1638 diceret
585 1572 662 1640 οὐδὲ
691 1591 761 1638 non
784 1565 890 1659 priori
913 1567 1114 1658 sententiae,
1137 1570 1192 1639 cui
1225 1573 1288 1641 soli
1309 1596 1394 1644 con-

223 1691 364 1779 veniret,
389 1693 558 1761 adiectum
583 1715 668 1762 csse.

267 1813 379 1886 Simili
412 1818 517 1885 modo
550 1839 604 1884 res
631 1838 667 1884 se
698 1815 801 1884 habet
824 1815 840 1904 §
864 1819 945 1886 44:
981 1821 1079 1884 τοῦτο
1104 1815 1229 1886 δ’ἐστὶν
1261 1820 1322 1901 οὐχ
1352 1821 1396 1900 ἣν

225 1940 347 2006 οὑτωσί
368 1959 416 2018 τις
439 1939 479 2006 ἂν
491 1941 630 2020 φήσειεν
652 1939 789 2020 ἀτιμίαν·
812 1941 842 2006 τί
868 1937 930 2020 γὰρ
954 1944 1001 2022 τῷ
1027 1936 1177 2022 Ζελείτῃ,
1207 1943 1274 2006 τῶν
1302 1939 1396 2020 Ἀθη-

223 2060 326 2125 ναίων
348 2064 468 2126 κοινῶν
492 2061 577 2139 εἰμὴ
594 2061 737 2142 μεθέξειν
759 2061 902 2140 ἔμελλεν;
926 2057 1013 2144 [ἀλλ’
1035 2062 1074 2128 οὐ
1093 2066 1192 2127 τοῦτο
1209 2061 1309 2146 λέγει]
1326 2060 1397 2128 ἀλλ’

224 2181 260 2247 ἐν
285 2184 355 2260 τοῖς
373 2186 524 2260 φονικοῖς
549 2183 722 2261 γέγραπται
752 2180 876 2260 νόμοις,
907 2181 988 2260 ὑπὲρ
1004 2179 1053 2248 ὧν
1078 2179 1118 2246 ἂν
1132 2182 1173 2261 μὴ
1200 2186 1280 2264 διδῷ
1304 2182 1398 2260 δίκας

224 2305 333 2386 φόνου
352 2303 555 2381 δικάσασθαι,
574 2299 657 2386 [ἀλλ’
672 2300 786 2379 εὐαγὲς
808 2302 883 2385 ῇτὸ
903 2301 1127 2387 ἀποκτεῖναιλ]
1149 2303 1202 2367 καὶ
1225 2301 1392 2384 ιᾶτιμοςιι

204 2427 307 2507 ,φησὶ
332 2425 538 2494 «τεθνάτω».
565 2419 686 2507 Quem
710 2419 823 2488 locum
846 2442 915 2510 qua
939 2420 1052 2489 forma
1076 2420 1306 2513 Harpocratio
1320 2443 1394 2490 me-

223 2542 353 2629 moriae
374 2541 550 2611 tradiderit
574 2559 763 2634 praetere0.
794 2543 871 2611 Hac
895 2543 987 2612 enim
1010 2544 1112 2612 dere
1135 2543 1171 2612 in
1200 2544 1289 2613 libro
1317 2565 1396 2613 meo

221 2666 276 2734 cui
299 2665 500 2758 inscriptum
523 2682 574 2734 est
598 2692 614 2728 κ
631 2665 693 2734 Die
716 2665 1000 2757 Ueherlieferung
1022 2667 1083 2735 der
1112 2665 1236 2736 dritten
1266 2666 1393 2758 philip·

222 2790 363 2881 pischen
388 2789 483 2858 Rede
506 2791 566 2858 des
598 2789 859 2859 Demosthenes,
892 2787 1032 2880 Leipzig
1068 2789 1151 2858 1874
1174 2817 1190 2854 ιι
1217 2811 1294 2880 pag.
1333 2791 1396 2863 168

223 2911 333 2982 fusius
374 2912 556 3004 disputavi.
597 2911 666 2985 Sed
704 2913 788 2981 illud
815 2914 885 2982 ἀλλ’
912 2917 952 2983 οὐ
979 2919 1077 2982 τοῦτο
1111 2916 1197 2992 λέγει
1223 2913 1395 2982 contendo

222 3037 319 3108 facile
343 3035 453 3106 omitti
472 3036 635 3127 potuisse,
659 3057 741 3104 cum
760 3036 879 3104 oculus
898 3033 1030 3104 scribae
1048 3032 1162 3102 statim
1185 3034 1229 3102 ad
1249 3057 1396 3126 sequens

224 3163 293 3231 ἀλλ’
313 3164 349 3230 ἐν
370 3166 440 3242 τοῖς
471 3159 665 3246 aberraret,
695 3159 846 3248 itemque
878 3157 982 3227 verba
1009 3157 1066 3226 iila
1089 3159 1159 3227 ἀλλ’
1177 3161 1293 3240 εὐαγὲς
1314 3163 1334 3246 ᾖ
1357 3163 1396 3230 τὸ

223 3284 408 3352 ἀποκτεῖναι
430 3297 569 3372 propter
592 3266 781 3350 litterarum
803 3280 1063 3350 similitudinem
1091 3302 1179 3372 quae
1211 3297 1260 3349 est
1290 3302 1392 3350 voca-

223 3404 306 3474 bulo
328 3406 555 3481 δικαΙΕΑΕΘΑΙ
581 3428 662 3475 cum
683 3405 920 3487 maturarunt
948 3403 983 3474 in
1015 3405 1083 3474 fine
1115 3426 1246 3476 versus.
1286 3403 1395 3494 Quae
1475 3475 1480 3484 ,

223 3527 282 3618 qui
307 3528 368 3596 uni
389 3527 497 3596 codici
522 3532 549 3595 Σ
570 3546 709 3598 censent
730 3528 834 3598 fidem
858 3549 932 3597 esse
955 3527 1150 3598 habendam
1173 3527 1392 3598 animadver·
1503 3617 1507 3621 ‚

222 3665 337 3718 terunt
366 3650 471 3719 verba
501 3651 569 3719 ἀλλ’
594 3657 634 3722 οὐ
660 3659 758 3722 τοῦτο
780 3655 865 3732 λέγει
887 3665 1027 3743 propter
1055 3673 1202 3742 sequens
1228 3657 1327 3720 τοῦτο
1353 3653 1394 3731 δὴ

223 3776 308 3852 λέγει
328 3796 400 3842 esse
419 3774 563 3844 delenda
574 3773 755 3864 (Schultz.)
774 3793 833 3843 aut
851 3790 889 3843 ut
907 3775 1142 3866 praecedentia
1157 3796 1237 3842 cum
1253 3795 1395 3864 sequen·

222 3895 313 3965 tibus
337 3897 406 3966 ἀλλ’
429 3901 557 3980 ἐντοῖς
589 3904 741 3982 φονικοῖς
763 3906 831 3968 κτλ.
858 3897 980 3966 melius
1008 3898 1254 3990 coniungerent
1275 3914 1392 3989 poste-

223 4019 312 4090 riore
334 4043 441 4091 manu
460 4021 567 4092 videri
586 4044 659 4091 esse
673 4021 802 4110 addita,
822 4044 861 4091 ea
884 4038 966 4090 sunt
984 4043 1106 4090 manca
1121 4038 1154 4090 et
1174 4022 1269 4091 omni
1292 4023 1396 4112 plane

223 4159 338 4212 carent
360 4143 597 4213 fundamento.
624 4143 739 4212 Etiam
761 4143 865 4212 verba
889 4143 959 4230 illa,
986 4165 1074 4233 quae
1098 4143 1188 4213 oculi
1207 4165 1322 4212 errore
1343 4143 1396 4210 fa-

224 4264 348 4335 cillime
373 4265 571 4338 intercidere
594 4282 763 4358 poterant,
790 4289 864 4336 esse
887 4265 1140 4354 molestissima,
1166 4281 1203 4334 ut
1232 4265 1279 4335 ait
1300 4267 1393 4334 Voc-

223 4391 359 4480 mehm,
387 4408 475 4461 recte
501 4389 637 4482 negavit
658 4389 869 4482 Spengehus.
898 4392 972 4500 Iam
999 4390 1055 4458 illa
1077 4391 1148 4457 ἀλλ’
1177 4391 1292 4471 εὐαγὲς
1314 4393 1335 4475 ᾖ
1356 4392 1396 4459 τδ
