906 1317
394 82 411 85 .-
420 75 438 89 53
446 82 463 85 .-

131 104 241 122 adnotatione
252 104 274 121 ad
285 110 302 127 p.
315 105 353 126 562,
364 105 380 126 7,
393 104 422 121 ubi
431 104 453 121 ad
463 104 565 127 scripturam
575 105 664 127 vulgatam
675 106 689 122 ἱε

131 136 192 156 ἐσθῆτα
203 134 323 152 animadvertit
336 135 400 155 ιιὶερά»
412 135 464 155 μόνον
475 135 485 155 ἡ
494 135 552 156 ἀρχαία
559 136 598 156 ἔχει,
609 135 656 157 quod
663 135 689 158 ips

131 165 174 182 inter
184 165 237 183 libros
246 171 301 188 usque
310 166 332 183 ad
344 165 361 182 id
371 169 438 188 tempus
447 166 518 183 collatos
528 171 573 183 unus
580 171 590 183 a
600 165 656 188 prima
666 171 691 183 ma

131 196 182 213 habet
192 196 245 213 codex
258 198 277 214 Σ.
292 196 345 218 Quae
354 196 368 213 si
379 189 475 213 accumtius
485 196 544 213 animo
552 200 659 219 reputamus,
670 202 690 213 su

130 232 169 244 mae
180 227 248 244 videtur
259 232 296 244 esse
307 227 407 244 temeritatis
416 237 437 241 —-
444 231 533 250 praetereo
544 233 589 249 quae
600 227 632 244 viri
644 227 689 244 docti

131 257 222 275 Atticianis
235 258 357 275 Demosthenis
372 258 470 275 orationum
487 258 613 281 exemplaribus
628 258 691 275 halucit

131 293 176 310 sunt,
190 288 221 305 hac
233 288 279 305 enim
292 288 343 306 etiam
356 288 377 305 de
390 294 408 305 re
425 288 443 305 in
459 288 503 305 libro
516 294 556 305 meo
572 288 600 305 cui
618 288 691 311 inscripti

130 323 156 336 est
169 326 177 335 a
186 319 218 337 Die
230 319 371 342 Ueberlieferung
382 319 413 336 der
424 318 487 336 dritten
495 318 620 342 philippischen
630 319 678 337 Rede
690 329 691 332 =

131 350 255 367 Demosthenes
265 357 273 366 ι»
292 355 331 373 pag.
353 350 383 367 104
400 355 438 372 sqq.
456 350 526 367 uberius
543 349 691 372 disputavi—un

130 387 162 398 nos
175 381 245 404 Ulpiani
257 381 302 398 illius
315 381 344 403 qui
356 380 418 398 dicitur
428 381 489 398 ductos
503 380 601 398 testimonio
618 386 658 398 cum
672 381 691 397 V1

131 412 182 429 melio
194 411 270 429 codicem
282 413 295 429 Σ
306 415 367 434 putare
381 411 427 428 illius
443 412 511 432 ἀρχαίας
528 412 611 432 ἐκδόσεως
626 411 691 433 exempl

129 442 152 459 Id
159 445 227 459 tantum
234 442 276 459 licet
282 440 380 459 coniectare
388 447 428 459 sero
437 442 531 459 admodum
541 441 638 459 recensioni
649 441 691 459 cuid

129 473 153 491 ad
162 473 229 490 codices
238 473 340 490 Atticiano:
346 473 409 496 factae
424 478 485 490 nomen
500 473 572 494 ἀρχαίᾳ
589 473 667 490 ἐκδόσει
684 478 691 489 e

130 504 213 521 inditum.
233 503 288 525 Quod
306 507 364 520 tamen
380 503 403 520 ad
418 509 478 521 eorum
494 509 537 526 quos
556 509 608 526 supra
625 509 691 520 memor

131 535 219 552 rhetorum
240 534 426 557 grammaticorumque
442 538 520 557 tempora
536 540 571 551 non
591 534 675 556 pertinere

129 565 231 582 testimoniis
244 565 372 588 eorumtolligi
383 570 434 588 posse
445 565 528 582 existimo.
541 564 618 586 Accedit,
632 565 678 587 quod

130 600 155 613 est
166 596 246 613 omnium
257 595 362 617 difficillima,
375 595 448 618 probare
458 596 509 613 talem
521 595 638 612 recensionem
647 595 689 618 origi

129 626 230 649 antiquitate
246 626 337 649 insignem,
355 627 424 649 qualem
440 626 545 647 Voemelius,
564 626 689 643 Westermann

129 657 157 674 alii
169 656 245 674 codicem
261 658 274 674 Σ
291 661 418 680 repraesentare
434 656 534 680 opinantur,
547 657 570 674 ita
587 661 605 674 ut
622 662 662 674 cum
678 662 689 674 ο

130 688 177 705 nium
189 688 295 711 reliquorum
305 688 385 705 codicum
397 688 502 705 multitudini
512 692 623 711 anteponant,
633 692 673 705 ante
685 688 691 705 1

129 719 200 741 pianum
215 718 245 741 qui
258 718 320 736 dicitur
336 719 410 736 extitisse
426 723 477 741 atque
494 719 511 736 in
525 719 591 736 honore
602 718 661 736 fuisse.
680 719 691 736 h

129 750 186 767 minus
199 749 212 766 si
226 753 321 767 statuamus
334 749 382 767 illam
397 750 466 770 ἀρχαίαν
479 750 546 767 ἔκὴοσιν
562 755 593 772 per
611 749 688 767 codicem

129 784 273 803 repraesentatam
286 780 357 803 Ulpiani
369 780 440 798 demum
454 785 508 798 aetate
524 784 581 798 ortam
596 786 633 797 esse
650 780 691 797 diffi<

129 816 154 828 est
162 811 185 828 ad
197 811 325 834 explicandum,
338 811 367 833 qui
378 811 443 828 facturn
456 810 484 832 sit,
498 815 517 828 ut
529 811 581 828 huius
596 810 676 833 antiquae
690 816 691 819 ¹

128 842 213 859 censionis
225 847 280 859 unum
293 845 360 859 tantum
372 842 398 859 vel
410 842 445 859 duo
461 841 571 864 exemplaria,
588 841 662 864 vulgaris
676 847 691 858 ν(

129 872 174 890 illius
192 872 277 895 octoginta
297 872 332 889 fere
350 872 416 889 codices
436 872 487 889 nobis
503 876 616 890 servarentur.
638 872 691 894 Quoq

129 903 181 920 modo
191 908 218 920 res
228 908 246 920 se
255 903 312 925 habet,
323 902 409 925 optimum
419 903 485 920 videtur
497 902 542 920 factu
554 908 595 920 cum
608 903 691 920 Rehdant

128 935 180 952 libere
193 935 242 952 fateri
251 945 273 947 —
283 935 301 952 id
314 935 361 957 quod
374 935 424 952 etiam
441 935 525 952 Dindorfii
541 935 608 952 videtur
624 941 660 952 esse
676 940 691 952 s<

128 966 180 983 tentia
189 976 210 979 —
220 971 277 983 raram
289 966 336 983 illam
348 970 399 988 atque
410 966 506 989 simplicem
522 966 590 987 ἀρχαίας
606 966 688 986 ἐκδόσεως

129 997 255 1014 Atticianorum
262 996 342 1014 codicum
352 997 457 1014 mentionem
465 997 507 1014 nihil
515 1002 586 1019 prorsus
594 997 656 1019 valere,
665 1001 691 1019 atq

129 1027 160 1044 hoc
172 1027 206 1045 iam
218 1033 238 1045 ea
250 1028 271 1045 de
282 1033 341 1050 causa,
355 1027 402 1050 quod
421 1027 450 1050 qui
467 1028 560 1050 qualesque
575 1027 599 1044 illi
618 1027 680 1044 suerint

128 1058 225 1075 coniectura
239 1058 310 1081 quidem
326 1064 358 1075 nos
373 1058 432 1075 animo
449 1058 542 1075 informare
557 1058 592 1075 ullo
606 1058 658 1075 modo
674 1063 691 1080 p(

128 1093 195 1106 sumus.
