3628 5272
737 325 772 338 ..
790 295 874 352 15..

224 439 262 487 ae
286 417 416 487 ratione
434 418 615 509 repetitum
637 433 698 486 est.
721 417 850 508 Aptius
874 438 955 487 sane
974 435 1006 488 et
1024 420 1267 490 sententiarum
1286 422 1387 491 nexui

223 530 475 612 accomodatius
498 557 595 633 putat
626 541 730 610 fuisse
760 541 934 628 futurum,
967 541 996 611 si
1019 545 1088 613 duo
1120 543 1177 615 illa
1208 547 1386 615 enunciata

222 665 356 736 inverso
378 664 489 758 posita
513 681 625 734 essent
656 664 791 734 ordine:
828 668 921 756 quod
946 683 1059 754 tamen
1079 691 1119 737 ex
1143 670 1290 739 oratoria
1317 669 1384 739 im-

222 789 341 880 primis
367 790 550 858 verborum
574 787 795 858 collocatione
825 789 906 858 satis
934 813 1035 882 posse
1063 791 1232 884 explicari.
1266 794 1385 884 Itaque
1457 861 1458 866 ,
1556 857 1557 860 ,

222 935 291 982 non
310 913 380 981 iam
402 935 475 983 esse
499 911 644 982 dubium
663 949 705 962 —
719 928 820 1003 atque
835 913 900 982 hoc
917 913 1008 982 idem
1019 913 1119 984 sentit
1131 915 1330 1008 Spengelius
1345 957 1383 968 -

222 1020 388 1128 quin'qui
410 1034 446 1104 in
470 1034 698 1104 remotissima
729 1035 872 1105 oratoris
905 1037 1048 1107 consilia
1075 1039 1313 1131 penetraverit,
1338 1039 1383 1109 ita

204 1176 258 1244 ¹ut
280 1160 372 1229 hunc
391 1159 425 1228 in
448 1158 594 1227 modum
617 1156 805 1226 orationem
828 1160 1037 1250 emendaret,
1053 1185 1156 1232 nemo
1170 1144 1260 1233 alius
1278 1187 1383 1255 quam

214 1283 290 1375 ipse
313 1282 415 1352 luerit
431 1281 690 1352 Demosthenes.
719 1282 769 1351 At
792 1282 944 1352 unde-
966 1284 1011 1353 ita
1034 1284 1109 1354 iure
1141 1287 1316 1376 quaeritur
1342 1333 1379 1345 -

219 1407 368 1506 Weilius
382 1405 526 1475 oratoris
545 1404 685 1474 consilia
701 1406 803 1475 habet
817 1408 1013 1499 explorata?
1033 1411 1159 1480 Nonne
1178 1413 1212 1480 in
1228 1413 1381 1484 breviore

218 1549 309 1602 textu
329 1532 445 1602 omnia
464 1533 536 1601 sine
555 1533 623 1602 ulla
643 1532 829 1601 offensione
848 1533 976 1625 optime
999 1535 1210 1625 procedunt?
1236 1538 1280 1606 Et
1299 1538 1381 1628 quid

219 1660 260 1728 de
279 1657 477 1728 correctoris
497 1658 632 1752 ingenio
657 1675 689 1726 et
708 1658 886 1750 sagacitate
910 1659 1154 1751 iudicabimus,
1181 1661 1209 1731 si
1231 1663 1381 1733 Weilius

217 1783 326 1852 facere
336 1805 405 1853 non
424 1799 534 1876 potest
552 1783 636 1874 quin
651 1782 687 1852 in
700 1799 789 1853 textu
804 1783 1009 1876 amplificato
1024 1787 1131 1855 multa
1142 1787 1378 1879 reprehendat,

217 1908 283 1977 alia
305 1908 399 1998 quod
422 1930 502 1977 cum
524 1908 668 1978 oratoris
691 1907 832 1977 consilio
851 1908 937 1979 bene
951 1910 1154 1979 conveniant
1166 1934 1229 1980 suo
1246 1927 1380 1982 tantum

216 2049 382 2122 tanquam
405 2031 550 2103 rhetoris
568 2032 749 2103 cuiusdam
772 2032 912 2104 arbitrio
945 2034 1067 2103 ductus
1092 2035 1236 2104 summis
1259 2035 1381 2120 ¹efferat

217 2156 396 2226 laudibus?
420 2158 546 2227 Nonne
564 2156 611 2245 id,
631 2156 725 2247 quod
743 2157 856 2249 primo
880 2157 954 2227 loco
982 2158 1097 2249 posuit
1122 2158 1288 2249 Weilius,
1314 2184 1376 2230 an-

215 2297 288 2346 sam
311 2277 486 2367 quandam
509 2279 649 2370 praebet
667 2280 710 2347 ad
733 2279 954 2349 additamenti
969 2279 1059 2351 illius
1079 2273 1193 2352 ortum
1217 2282 1379 2376 indagan-

214 2401 316 2470 dum?
347 2400 491 2470 Talibus
514 2401 606 2470 enim
637 2403 718 2473 locis
747 2419 878 2472 constat
897 2404 1048 2474 rhetores
1072 2406 1378 2499 grammaticosque

212 2524 433 2594 libentissime
457 2525 561 2595 fuisse
581 2548 672 2614 usos,
690 2543 728 2594 ut
743 2526 963 2597 historiarum
987 2529 1162 2599 scientiam
1180 2553 1218 2598 ex
1234 2532 1376 2601 oratoris

212 2648 353 2718 lectione
377 2648 517 2740 petitam
550 2665 770 2721 ostentarent.
807 2652 927 2752 ltaque
951 2674 1019 2722 non
1050 2651 1118 2722 iam
1139 2652 1271 2722 videtur
1303 2678 1376 2724 esse

211 2773 448 2865 improbabile,
480 2774 651 2843 rhetorem
674 2775 822 2864 aliquem
841 2776 885 2845 ab
911 2775 1033 2845 iisdem
1057 2777 1127 2846 fere
1146 2794 1248 2869 atque
1271 2779 1373 2847 Wei-

212 2896 297 2965 lium
311 2895 502 2988 profectum
525 2897 713 2968 rationibus
738 2922 776 2967 ex
795 2915 880 2969 orat.
908 2900 949 2968 de
979 2899 1064 2969 salsa
1091 2901 1153 2992 leg.
1180 2902 1281 2992 §327
1304 2903 1375 2971 ἀντὶ

211 3026 246 3090 δὲ
268 3027 326 3089 τοθ
349 3023 389 3090 τὰ
409 3023 527 3103 πάτρια
548 3024 641 3105 ἐντῷ
663 3023 740 3107 ἱερῷ
762 3029 999 3104 κατασταθῆναι
1020 3027 1071 3092 καὶ
1093 3027 1132 3092 τὰ
1153 3027 1299 3108 χρήματα
1308 3025 1376 3105 ἐἰς-

210 3150 390 3228 πραχθῆναι
411 3154 457 3231 τῷ
497 3153 562 3232 θεῷ
595 3145 625 3210 ol
663 3147 721 3227 μὲν
748 3145 842 3225 ὄντες
873 3146 1107 3227 Ἀμφικτύονες
1134 3147 1295 3228 φεύγουσι
1324 3147 1375 3212 καὶ

209 3268 420 3348 ἐξελήλανται,
436 3269 488 3333 καὶ
499 3267 687 3346 ἀνάστατοςΙ
696 3267 803 3332 αὐτῶν
822 3265 841 3346 ἡ
857 3267 947 3348 χώρα
964 3267 1108 3346 γέγονεν,
1123 3267 1154 3334 οἱ
1168 3265 1196 3333 δ’
1210 3268 1373 3336 οὐπώποτ’

210 3389 315 3470 ἐντῷ
341 3389 486 3468 πρόσθεν
515 3391 624 3476 χρόνῳ
653 3390 827 3469 γενόμενοι
850 3389 1038 3470 Μακεδόνες
1063 3391 1113 3456 καὶ
1131 3391 1294 3473 βάρβαροι,
1313 3398 1373 3460 νῦν

208 3510 440 3593 Ἀμφικτύονες
462 3511 543 3579 εἶναι
553 3513 727 3595 βιάζονται·
742 3510 799 3575 ἐὰν
812 3511 848 3576 δέ
859 3531 907 3590 τις
920 3513 993 3592 περὶ
1008 3517 1073 3578 τῶν
1086 3512 1185 3592 ἱερῶν
1200 3512 1372 3593 χρημάτων

209 3637 347 3713 μνησθῇ,
373 3606 662 3712 κατακρημνίζεται,
686 3631 815 3711 ἡπόλις
835 3633 871 3697 δὲ
889 3633 947 3712 τὴν
962 3634 1181 3716 προμαντείαν
1209 3631 1372 3718 ἀφῄρηται

207 3749 437 3840 amplificandi
460 3751 646 3842 sumpsisse
670 3753 860 3822 materiam.
886 3753 954 3825 Sed
974 3754 1055 3844 quid
1076 3755 1205 3823 multa?
1238 3755 1370 3822 Aucto-

207 3872 341 3942 ritatem
365 3896 550 3965 sequamur
572 3875 730 3945 codicum
754 3859 883 3946 etcum
901 3899 953 3966 pr.
980 3882 1056 3947 Xet
1082 3901 1135 3970 pr.
1169 3878 1275 3948 Laur.
1303 3877 1369 3948 rei-

206 3998 337 4069 ciamus
356 3997 640 4069 additamentum.

187 4150 189 4154 ’
248 4141 277 4206 9.
295 4139 364 4229 (Sp.
383 4161 413 4228 p.
438 4140 512 4229 191)
537 4141 552 4228 §
574 4141 628 4210 71.
657 4150 757 4212 ταῦτα
771 4145 810 4226 δὴ
830 4145 936 4212 πάντα
962 4147 1054 4215 αὐτοὶ
1069 4153 1371 4235 παρεσκευασμένοι
1404 4239 1405 4242 ¹

207 4261 258 4326 καὶ
279 4265 474 4344 ποιήσαντες
492 4265 619 4346 φανερὰ
638 4269 715 4349 τοὺς
737 4268 856 4349 ἄλλους
877 4269 940 4350 ἤδη
962 4275 1197 4352 παρακαλῶμεν
1220 4273 1272 4337 καὶ
1294 4277 1390 4353 τοὺς

204 4383 304 4448 ταῦτα
326 4384 515 4468 διδάξοντας
541 4388 749 4472 ἐκπέμπωμεν
769 4392 921 4480 πρέσβεις
937 4393 1121 4484 [πανταχοῑ,
1138 4395 1184 4484 εἰς
1199 4397 1370 4470 Πελοπόν-
