906 1317
377 97 394 101 .-
402 89 420 104 ῃ
428 97 445 101 -

116 121 155 138 deat
163 121 185 138 ad
197 120 346 143 interrogationem
359 120 400 137 ἀλλὰ
410 122 452 142 πῶς
465 120 508 143 (scil.
520 120 562 141 ἔχεθ’
572 121 618 142 ὑμεῖς
628 121 665 141 πρὸς

116 153 182 169 τοιαῦτα
196 151 207 169 i.
225 157 240 169 e.
258 152 367 172 δωροδοκίαν)
383 151 427 172 dmm
444 152 518 169 κελεύετε
532 152 558 168 καὶ
571 151 601 168 οὐκ
611 151 665 171 ὀργιεῑι

116 186 182 205 oportet
191 188 222 200 nos
238 182 331 200 coniectare
344 182 477 205 Demosthenem
487 187 517 199 nee
524 182 611 204 opinatam
624 181 665 204 aliqt

115 213 229 236 proditionem
239 213 290 231 nnius
299 218 308 230 e
323 213 395 230 ducibus
404 217 434 230 aut
443 212 501 236 legatis
510 218 540 235 per
550 212 650 235 Philippum
662 219 665 228 ε

116 244 169 267 ruptis
177 248 194 261 et
202 244 244 267 quid
256 244 295 261 inde
310 243 424 261 Athenienses
438 247 518 266 caperent
536 242 632 260 detrimenti
645 242 665 260 dc

115 275 176 292 mentis
185 280 204 292 ex
213 275 255 292 actis
264 274 336 298 publicis
343 275 398 298 petitis
408 274 511 296 probavisse.
520 274 571 292 Talia
578 273 623 291 enim
634 273 665 290 inm

115 305 165 323 tionis
175 305 293 323 oeconomiam
303 306 390 329 aptissime
403 306 494 329 quadrant.
509 305 578 323 Etenim
590 304 629 322 inde
641 304 665 327 a}

115 341 172 354 orator
184 336 290 354 Graecorum
302 341 319 354 et
333 337 418 360 imprimis
431 337 564 354 Atheniensium
577 336 663 359 neglegent

114 374 148 390 qua
158 368 175 385 in
185 368 280 391 proditores
290 372 360 385 utantur
369 374 379 385 a
389 368 470 391 Philippo
479 367 550 391 pecunia
559 371 649 390 corruptos
658 372 665 389 ς

114 399 186 422 stringit.
197 399 256 422 Atque
265 399 298 416 hoc
307 398 336 421 ita,
347 403 366 416 ut
378 399 454 422 primum
465 400 472 422 ξ
484 399 534 417 36-40
544 397 617 415 maiores
626 402 665 420 exp(

113 435 154 446 cum
169 429 273 447 contrariam
288 434 399 452 sequerentur
412 429 496 447 rationem
511 428 573 451 opibus
590 433 610 445 ac
624 431 663 451 pote

114 460 198 481 floruisse,
215 460 290 478 Graecos
305 466 346 478 vero
360 461 389 484 qui
406 466 451 478 nunc
468 460 502 477 sint
515 460 556 477 vitio
571 459 600 477 illo
615 463 665 481 tanqt

114 492 175 509 morbo
184 492 359 515 conficigravissimo.
370 492 434 509 Deinde
442 497 482 509 cum
493 491 534 514 quid
544 495 593 508 antea
602 495 664 508 censue

114 522 228 540 Athenienses
240 523 343 540 documento
358 523 435 546 quodam
447 522 517 544 publico
529 521 629 545 comprobet
641 525 657 538 et

113 553 163 576 plicet
179 554 199 576 (5
214 553 283 576 4146),
300 554 342 576 quid
358 554 427 571 tandem
447 553 558 571 Demostheni
576 553 665 576 impedimt

113 584 165 602 fuisse
174 589 230 607 putas,
239 584 332 607 quominus
340 585 391 602 etiam
401 585 498 608 aequalium
507 590 606 608 perversam
614 584 665 601 ratior

113 616 174 633 eodem
184 616 221 633 loco
230 616 339 639 depingeret?
351 616 371 633 Id
383 616 429 633 enim
439 616 455 633 in
466 615 526 639 primis
535 615 598 633 oratori
607 621 657 633 curae

113 651 131 663 ut
148 646 281 664 Atheniensium
294 647 362 664 animos
378 647 395 664 in
413 639 501 669 propriam
519 646 598 664 omnium
612 646 665 663 malor

111 683 181 695 causam
190 682 282 695 convertat.
297 678 320 695 Et
330 678 345 696 si
356 678 388 696 hoe
400 679 437 696 loco
449 678 510 695 eodem
522 678 574 695 modo
586 681 637 700 atque
648 683 665 694 at

112 708 146 726 iam
157 709 174 731 (ξ
187 708 237 726 22-25
249 710 283 732 et}
296 709 354 731 25-28)
369 709 444 732 priorem
462 709 565 731 reipublicae
579 708 665 728 condicior

111 739 207 762 praeponit,
221 739 327 757 audientium
337 740 405 757 animos
417 740 500 757 nimirum
513 740 549 757 vult
563 740 637 757 mulcere
647 744 665 757 at«

112 770 185 793 placare,
195 775 214 788 ut
225 770 296 788 libenter
306 771 378 788 subeant
391 771 539 794 vituperationem,
553 776 597 793 quae
609 776 662 793 quarn

111 801 155 818 iusta
165 805 181 819 et
190 807 261 824 prorsus
273 801 367 819 necessaria
379 802 460 819 contrarii
470 802 520 819 laude
530 806 568 819 ante
579 801 613 819 iam
624 802 665 819 dem*

112 836 180 850 stratur.
194 832 228 850 Sed
243 832 270 850 hic
279 837 350 855 quaerat
366 832 458 856 quispiam,
476 832 517 855 quid
527 833 599 850 omnino
614 832 646 850 sibi
658 838 665 850 t

112 863 171 880 titulus
180 863 208 880 ille
218 864 237 881 ἐκ
247 865 276 881 τοῦ
288 864 397 885 γραμματείου
408 864 533 885 ἀναγιγνώσκει,
549 863 578 886 qui
591 869 665 886 quamqu

111 894 129 912 in
138 895 188 912 codd.
199 896 212 912 Σ
222 896 245 918 (et
251 894 303 912 etiarn
315 894 331 912 in
343 894 393 912 codd.
408 895 461 912 Laur.
472 898 488 912 et
496 894 544 916 Vat.)
554 895 575 912 Y.
590 894 642 912 Vind.
653 895 660 913 l

111 927 127 944 4.
139 926 159 943 F.
170 931 224 948 marg.
237 926 278 943 Bav.
291 925 357 948 legitur.
369 929 426 943 tamen
438 931 448 943 a
457 925 546 943 Voemelio
558 925 576 943 in
586 930 649 943 textum
662 932 665 943 ι

111 960 189 979 receptus
198 960 228 973 est.
243 956 281 973 Hoc
293 956 357 973 mirum
369 962 410 973 sane
420 960 451 978 est,
468 956 567 979 praesertim
579 956 593 973 si
608 956 665 974 audim

112 993 146 1010 qua
162 987 190 1005 ille
199 993 250 1005 causa
266 988 327 1005 ductus
336 987 393 1005 fuerit.
412 988 480 1005 Etenim
494 987 508 1004 si
525 987 616 1010 genuinus,
633 988 662 1011 inq

111 1022 155 1036 esset
164 1019 191 1036 hic
202 1018 268 1040 titulus,
283 1018 355 1041 quilibet
364 1019 420 1042 legens
434 1018 536 1041 intellegeret
545 1019 567 1036 ad
578 1019 665 1039 ἀναγιγνώ(

111 1055 148 1067 esse
157 1049 273 1072 supplendum
282 1054 374 1071 oratorem,
388 1049 418 1072 qui
429 1055 457 1067 eas
471 1055 498 1067 res
509 1049 530 1067 de
539 1050 602 1072 scripto
614 1055 664 1067 narra

114 1080 176 1102 quibus
188 1080 263 1103 populus
275 1084 358 1103 quantum
370 1080 402 1098 sibi
415 1080 510 1103 periculum
523 1086 533 1098 a
545 1080 625 1103 Philippo
637 1080 665 1097 im!

111 1115 158 1128 neret
165 1111 213 1129 facile
220 1112 327 1135 perspiceret.
338 1112 363 1129 At
370 1116 406 1129 toto
415 1112 452 1130 loco
460 1112 535 1135 Philippi
543 1112 590 1129 nulla
599 1112 617 1129 fit
624 1117 663 1129 men
