3628 5272
769 403 804 418 -
821 375 853 433 11
871 403 906 417 .-

257 493 354 564 facile
384 496 460 586 quis
494 495 671 588 intelleget.
708 497 812 566 Recte
846 519 927 566 vero
955 496 1155 589 Spengelius
1178 499 1355 570 Voemelio
1377 537 1418 553 -

256 617 415 708 idemque
437 621 583 710 quadrat
605 621 639 689 in
665 622 711 690 A.
740 620 973 712 Schaeserum,
999 622 1042 691 cf.
1069 621 1196 694 librum
1220 623 1292 693 eius
1316 651 1330 686 ιι
1348 625 1416 693 De·
1467 689 1470 695 .

259 744 454 814 mosthenes
478 745 549 814 und
575 744 666 814 seine
689 745 761 814 Zeit
776 774 791 810 ιι
806 746 854 825 ΙΙ,
876 745 940 813 447
958 751 1001 802 ’-
1019 746 1077 816 dat
1093 747 1239 837 crimini,
1262 751 1353 839 quod
1377 749 1418 820 de

255 865 399 936 oratoris
422 869 586 939 sententia
607 893 788 962 perperam
811 870 1020 942 iudicaverit.
1044 873 1079 941 ls
1100 872 1192 942 enim
1211 873 1311 943 illatis
1329 875 1415 943 Vul-

254 1005 350 1082 gatae
367 993 478 1062 verbis
497 994 657 1088 opinatur
670 994 785 1086 rumpi
805 996 988 1065 sententiae
1009 1019 1147 1067 nexum.
1167 1000 1327 1089 Namque
1348 1020 1417 1068 non

255 1131 325 1184 tam
344 1117 386 1184 de
400 1116 617 1187 Chersoneso
636 1141 674 1187 ac
690 1118 855 1211 Byzantio
875 1119 927 1211 agi
950 1122 1112 1211 quamde
1133 1121 1290 1191 omnium
1309 1121 1416 1192 Grae-

204 1229 206 1234 ’
254 1262 373 1310 corum
393 1243 512 1331 salute,
537 1260 639 1333 atque
668 1242 746 1312 huic
781 1243 964 1339 sententiae
997 1245 1066 1314 sive
1098 1245 1245 1316 alienam
1267 1270 1339 1316 esse
1359 1271 1416 1316 ro-

252 1364 421 1454 gationem
436 1366 478 1435 de
495 1365 658 1435 militibus
673 1366 879 1436 sustinendis
899 1367 968 1436 sive
983 1367 1207 1459 superfluam,
1222 1392 1303 1439 cum
1318 1393 1417 1462 prae-

253 1489 349 1557 cedat
366 1494 439 1572 περὶ
459 1491 677 1574 Χερρονήσου.
698 1489 766 1561 Sed
790 1507 924 1560 tantum
949 1492 1045 1560 abest
1067 1509 1105 1561 ut
1136 1493 1181 1561 ita
1213 1516 1266 1563 res
1290 1517 1326 1563 se
1354 1496 1417 1563 ha-

254 1613 341 1699 beat,
368 1630 404 1681 ut
426 1615 461 1683 in
484 1615 575 1683 hunc
599 1614 667 1684 fere
686 1616 830 1686 modum
854 1617 948 1684 locus
967 1601 1128 1685 videatur¹
1140 1616 1414 1708 intellegendus:

256 1740 381 1828 Quum
405 1739 491 1810 inter
509 1740 657 1828 reliquos
681 1743 831 1808 oratores
856 1763 896 1808 ea
921 1740 963 1809 de
987 1763 1023 1808 re
1049 1739 1267 1830 potissimum
1291 1762 1416 1832 magna

232 1833 296 1932 ⁴sit
314 1864 498 1953 altercatio,
527 1880 643 1932 utrum
667 1863 818 1955 Diophiti
837 1863 1051 1954 prospiciant
1069 1881 1102 1932 et
1122 1863 1430 1934 Chersonensibus-

212 2055 213 2058 ,
252 1987 496 2081 Byzantiisque
524 1987 558 2055 in
582 1965 773 2079 periculum
791 1982 1109 2057 vocatis'auxilium
1134 1989 1269 2057 mittant
1290 2010 1417 2078 necne,

259 2112 506 2180 Demosthenes
521 2111 609 2180 hanc
633 2133 706 2180 rem
716 2128 816 2207 negat
839 2113 908 2180 ulla
921 2133 1017 2202 egere
1041 2111 1280 2203 disputatione,
1297 2113 1422 2182 etenim

219 2271 221 2276 ·
255 2237 418 2306 omnibus
435 2238 536 2306 rebus
554 2235 755 2328 posthabitis
776 2237 928 2327 Diopithi
945 2236 981 2304 in
1001 2235 1122 2328 primis
1143 2237 1321 2307 ferendum
1344 2260 1419 2323 ¹esse

253 2361 429 2431 auxilium.
466 2362 587 2450 Neque
624 2360 689 2431 hoc
723 2361 836 2429 solum
867 2358 1030 2447 sufficere,
1065 2359 1261 2452 verumad
1299 2381 1419 2428 omnes

254 2484 403 2555 Graecos
426 2484 611 2555 mittendos
635 2507 708 2553 esse
739 2486 890 2576 legatos,
917 2483 975 2574 qui
1000 2484 1044 2553 ad
1067 2483 1195 2555 bellum
1227 2500 1366 2552 evocent
1388 2500 1421 2553 et

255 2634 334 2681 cum
356 2611 397 2680 iis
422 2610 617 2680 societatem
639 2609 859 2700 coniungant,
877 2607 893 2695 ξ
910 2608 964 2678 71.
991 2609 1069 2678 Hoc
1090 2608 1182 2677 enirn
1200 2607 1287 2677 'dicit
1305 2583 1434 2677 orator
1462 2626 1466 2634 ·

255 2760 314 2828 per
341 2753 449 2806 totam
469 2725 666 2805 'orationem
692 2739 914 2820 βουλεύεσθαι.
940 2735 1016 2814 Iam
1052 2735 1080 2803 si
1107 2735 1322 2822 Benselerus,
1356 2733 1419 2802 etsi
1520 2715 1526 2730 ’

255 2858 357 2932 verba
379 2861 435 2931 illa
464 2860 499 2928 in
523 2860 668 2929 editione
691 2883 754 2928 sua
784 2859 938 2948 secludit,
972 2876 1086 2927 tamen
1110 2860 1224 2927 locum
1254 2874 1420 2948 tanquam

255 2987 442 3078 genuinum
468 2984 652 3054 defendens
681 2984 864 3053 verisimile
893 3000 991 3076 putat
1018 3006 1103 3072 esse,
1137 2984 1416 3071 Demosthenem,

226 3133 228 3136 ·
254 3133 334 3179 cum
358 3111 372 3200 ξ
396 3107 439 3177 73
462 3109 628 3178 rationem
654 3106 836 3198 subiungat
859 3130 926 3196 qua
952 3104 1157 3176 Chersonesi
1176 3106 1300 3174 milites
1318 3106 1432 3174 adiu-.

253 3235 354 3304 vandi
369 3233 448 3322 sint,
465 3233 529 3302 hoc
544 3253 680 3322 quoque
694 3232 769 3300 loco
783 3248 861 3322 post
870 3234 998 3300 πάθωσι
1012 3231 1123 3299 verbis
1138 3233 1274 3312 καὶτοῖς
1289 3233 1417 3300 οὖσιν..

254 3361 441 3428 ἀποστεῖλαι
463 3356 554 3426 idem
577 3355 707 3445 fecisse,
733 3379 794 3447 ego
814 3354 1021 3425 contrariam
1045 3377 1170 3444 sequor
1203 3352 1416 3422 sententiam.
1476 3359 1478 3363 “

256 3481 349 3549 Nam
375 3480 433 3570 qui
457 3496 583 3548 attento
607 3479 724 3549 animo
756 3477 946 3548 orationem
984 3479 1096 3570 legens
1127 3477 1210 3566 §73
1233 3475 1419 3545 auxiliandi

255 3603 421 3672 rationem
435 3602 625 3672 accuratius
638 3602 931 3694 circumscriptam
945 3601 1183 3707 animaduertit
1207 3599 1419 3690 eandemque

255 3730 272 3818 ξ,
293 3729 335 3800 20
358 3727 561 3796 desideravit
582 3729 634 3796 vel
656 3727 770 3820 potius
793 3726 959 3796 contineri
975 3727 1045 3796 iam
1073 3725 1237 3796 brevioris
1266 3724 1419 3794 lectionis
1480 3705 1481 3708 Ἴ

253 3851 365 3923 verbis
393 3853 549 3933 ἐπαμῦναι
571 3854 627 3934 μὲν
649 3853 778 3932 τούτοις
799 3853 851 3918 καὶ
872 3857 1063 3953 διατηρῆσαι
1077 3853 1125 3934 [μή
1138 3875 1177 3922 ,τι
1199 3851 1330 3918 πάθωσι
1348 3871 1419 3918 non

177 3997 181 4006 ·
256 3975 426 4064 intellexit,
454 3974 482 4042 is
501 3971 605 4042 verba
627 3972 696 4061 illa,
723 3994 810 4062 quae
832 3971 1029 4041 Voemelius
1040 3994 1182 4065 prorsus
1208 3997 1280 4044 esse
1297 3995 1417 4065 super·

253 4101 325 4170 flua
348 4115 435 4169 recte
468 4095 639 4186 iudicavit,
665 4119 704 4165 ex
727 4093 743 4182 §
768 4096 811 4188 73
846 4095 1042 4188 repetivisse
1063 4113 1095 4168 et
1120 4116 1239 4168 nostro
1274 4099 1349 4167 loco
1368 4115 1418 4166 te-

256 4245 346 4293 mere
371 4221 553 4291 inseruisse
576 4222 749 4312 putandus
780 4222 841 4290 est,
870 4221 986 4290 Etiam
1016 4223 1110 4313 quod
1142 4223 1335 4314 discrepant
1360 4245 1418 4294 ca-

257 4349 346 4419 dices
365 4347 400 4418 in
413 4335 597 4417 uerborum
616 4346 834 4415 collocatione
854 4347 996 4432 [πάθωσι
1009 4350 1061 4416 καὶ
1078 4353 1147 4430 τοῖς
1161 4349 1255 4417 οὖσιν
1271 4351 1337 4416 ἐκεῖ
1359 4352 1419 4415 νῦν

257 4471 336 4563 (ἐκεῖ
349 4479 409 4542 νῦν
426 4469 501 4539 οὖσι
516 4470 608 4560 Aug.
627 4470 642 4538 l
657 4486 689 4537 et
706 4473 740 4540 2.
759 4469 833 4537 Pal.
851 4467 967 4556 Harl.)
984 4471 1195 4552 στρατιώταις
1212 4472 1421 4555 (στρατηγοῖς
