3628 5272
779 332 914 386 ..41-

258 452 395 518 sthenes
415 490 456 504 —
475 449 511 518 id
530 451 625 540 quod
648 450 677 518 si
703 449 806 518 verba
828 472 890 542 per
913 473 949 518 se
981 453 1217 541 ponderantur
1242 457 1434 526 necessario

258 587 511 662 expectatur-
527 573 622 642 futile
645 571 798 664 prolecto
833 589 936 664 atque
964 573 1066 644 inane
1099 592 1132 643 et
1160 577 1435 666 praeclarissimo

258 713 394 764 oratore
416 696 520 786 plane
542 695 721 788 indignum
748 696 878 765 fuisset.
904 696 976 768 Suo
999 713 1117 767 contra
1145 699 1220 767 loco
1246 700 1302 768 illa
1329 719 1430 792 esset,

258 818 288 887 si
311 820 459 888 alterurn
486 819 683 890 membrum
707 819 792 907 eius,
818 818 903 887 illud
925 823 1058 902 εἰρήνην
1080 823 1170 908 ἄγειν
1187 822 1434 894 Demosthenes

258 942 372 1034 priore
392 941 559 1010 orationis
580 959 677 1052 parte
696 958 728 1010 et
745 943 849 1011 altera
865 943 1004 1034 indea§
1023 943 1066 1014 47
1086 941 1170 1011 illud
1186 952 1340 1028 πολεμεῖν
1359 953 1430 1016 δεῖν

256 1064 483 1158 exposuisset.
508 1065 576 1138 Sed
599 1065 685 1136 nihil
702 1065 768 1134 nisi
782 1069 847 1134 hoc
866 1065 951 1155 fieri,
966 1065 1054 1134 illud
1076 1089 1158 1136 vero
1173 1089 1359 1158 nusquam,
1378 1091 1433 1135 su-

256 1209 319 1274 pra
344 1189 416 1256 iam
438 1188 520 1256 dixi.
547 1190 674 1258 Nonne
697 1205 789 1257 totus
813 1189 908 1257 locus
930 1191 983 1258 vel
1007 1175 1061 1278 eo,
1090 1190 1183 1279 quod
1197 1205 1332 1282 pugnat
1352 1211 1434 1258 curn
1540 1197 1543 1202 ’

256 1310 361 1380 totius
387 1310 551 1380 orationis
574 1327 789 1401 argumento,
805 1310 1036 1402 suspicionem
1057 1313 1189 1382 movet?
1210 1311 1310 1400 Quid
1329 1334 1434 1403 porro

256 1432 320 1500 sibi
344 1434 418 1500 vult
441 1432 527 1502 illud
552 1434 606 1518 ἐφ’
628 1435 704 1515 ἡμῖν
726 1435 855 1502 ἔστιτὸ
878 1435 1092 1518 βουλεύεσθαι
1112 1435 1185 1516 περὶ
1206 1440 1265 1503 τοῦ
1291 1435 1432 1516 πότερον

257 1555 389 1638 εἰρήνην
411 1557 538 1637 ἄγεινῆ
560 1561 714 1636 πολεμεῖν
737 1555 805 1623 oei?
831 1555 973 1622 Numne
997 1555 1226 1624 Athenienses
1251 1555 1366 1643 quoad
1390 1553 1436 1623 li*

255 1677 337 1744 bera
360 1676 545 1744 utebantur
560 1675 734 1766 republica
754 1677 902 1746 necdum
923 1677 1158 1746 Macedonum
1177 1675 1322 1768 imperio
1338 1693 1435 1744 erant

255 1798 396 1867 subiecti
423 1800 491 1868 ulla
516 1823 552 1868 re
575 1821 732 1890 unquam
757 1801 900 1869 omnino
923 1800 1087 1892 prohibiti
1116 1816 1208 1884 sunt,
1238 1799 1433 1889 ‘quominus

256 1922 321 2012 ipsi
345 1922 387 1991 de
411 1923 500 1991 bello
524 1939 584 1991 aut
606 1945 689 2013 pace
715 1924 949 1992 consulerent?
982 1923 1073 1996 Sane
1103 1943 1295 2013 nunquam.
1328 1923 1434 2010 Quae

255 2068 334 2114 cum
359 2046 406 2114 ita
431 2044 510 2132 sint,
536 2045 640 2114 verba
664 2045 720 2112 illa
744 2047 772 2112 εἰ
795 2045 847 2127 ἐφ’
876 2045 952 2128 ἡμῖν
975 2047 1045 2114 ἐστι
1066 2049 1104 2115 τὸ
1122 2047 1337 2128 βουλεύεσθαι
1359 2049 1433 2126 περὶ

254 2175 314 2235 τοῦ
335 2171 476 2250 πότερον
499 2171 631 2250 εἰρήνην
653 2169 743 2248 ἄγειν
765 2169 788 2247 ἢ
805 2171 958 2251 πολεμεῖν
977 2171 1040 2249 δεῖ,
1061 2187 1149 2256 quae
1168 2187 1188 2233 a
1209 2165 1433 2256 grammatico

256 2288 372 2378 aliquo
396 2311 436 2357 ex
460 2288 475 2378 ξ
495 2290 516 2355 8
538 2289 682 2360 fortasse
694 2307 732 2359 ut
741 2306 984 2384 argumentum
996 2289 1100 2358 huius
1115 2289 1322 2380 paragraphi
1337 2289 1432 2357 brevi

255 2412 538 2502 complecteretur
556 2413 700 2481 conficta
725 2429 758 2480 et
779 2429 906 2482 temere
924 2411 1054 2481 adiecta
1076 2435 1150 2480 esse
1168 2411 1234 2504 ipsi
1256 2411 1432 2483 Schultzio

255 2559 325 2604 non
348 2536 576 2627 improbabile
591 2537 737 2626 videtur,
755 2538 926 2606 contendo
942 2559 1019 2606 esse
1037 2535 1201 2605 eicienda.
1229 2536 1320 2605 lllud
1338 2559 1431 2606 nunc

254 2657 354 2726 nobis
373 2659 438 2726 erit
455 2637 694 2749 propositumJ
709 2676 747 2727 ut
770 2683 876 2750 quam
900 2676 977 2752 apte
997 2659 1114 2728 omnia
1147 2657 1217 2726 iam
1241 2658 1431 2749 procedant

255 2780 543 2851 demonstremus.

303 2930 319 2966 «
342 2900 516 2992 Quamvis
542 2904 578 2973 in
597 2905 790 2989 miserrima
812 2927 989 2975 versemur
1012 2903 1268 2974 condicione-
1291 2905 1338 2974 ita
1356 2904 1428 2974 sere

254 3028 405 3118 disputat
428 3028 676 3098 Demosthenes
695 3029 711 3116 §
730 3031 753 3096 4
771 3069 812 3082 -
830 3029 948 3098 omnia
971 3045 1085 3098 tamen
1110 3028 1239 3098 restitui
1270 3047 1428 3120 possunt,

254 3149 282 3219 si
310 3150 373 3242 ipsi
397 3151 508 3220 officio
530 3169 643 3221 vestro
666 3152 858 3222 satisfacere
872 3153 986 3222 vultis.
1010 3154 1114 3223 Nunc
1133 3152 1227 3222 enim
1247 3152 1430 3243 Philippus
1499 3184 1504 3191 ·

254 3274 423 3345 levitatem
451 3276 556 3345 modo
596 3293 742 3345 vestram
772 3294 805 3345 et
840 3276 1034 3346 socordiam
1069 3299 1131 3344 nec
1154 3292 1270 3344 tamen
1302 3249 1430 3344 {errant

252 3419 382 3487 vosque
404 3399 497 3488 ipsos
517 3397 608 3466 vicit.
636 3399 708 3466 Vos
727 3398 842 3489 potius
861 3420 904 3486 ne
919 3396 1005 3465 moti
1019 3397 1160 3487 quidem
1179 3396 1272 3482 estis,
1288 3419 1430 3466 summa

215 3524 216 3530 ’
255 3543 338 3608 pace
357 3541 563 3610 summaque
591 3543 708 3590 rerum
744 3519 988 3610 tranquillitate
1015 3519 1153 3588 utimini
1185 3521 1274 3598 [οὐδὲ
1300 3521 1428 3600 κεκίνη-

255 3653 324 3726 σθε
347 3665 434 3733 quae
457 3645 572 3730 verba,
608 3661 644 3713 ut
667 3661 756 3714 recte
781 3643 866 3738 vidit
892 3643 1075 3732 Frankius,
1098 3643 1171 3713 sine
1196 3645 1304 3728 dubio
1335 3645 1429 3730 pacis

256 3767 431 3854 quandam
462 3765 590 3834 habent
621 3766 931 3858 significationem].
975 3765 1085 3853 Quod
1115 3766 1143 3834 si
1171 3789 1291 3835 omnes
1319 3767 1354 3836 in
1389 3759 1430 3836 eo

253 3889 523 3958 consentiremus
551 3889 751 3981 Philippum
782 3889 911 3958 bellum
942 3912 1056 3980 gerere
1084 3911 1164 3958 curn
1192 3890 1366 3982 republica
1397 3908 1430 3960 et

254 4033 373 4103 pacem
392 4011 532 4100 violare,
561 4012 645 4081 nihil
677 4013 771 4081 aliud
790 4029 944 4081 oratores
972 4013 1151 4102 oportebat
1180 4013 1292 4083 dicere
1323 4035 1429 4104 quam

255 4157 325 4224 quo
343 4137 449 4204 modo
467 4135 570 4204 abeo
588 4135 864 4205 defenderemus.
889 4136 941 4203 lta
973 4135 1054 4204 vero
1074 4157 1128 4204 res
1157 4158 1226 4204 non
1252 4159 1288 4205 se
1311 4137 1425 4206 habet.

256 4257 370 4326 lmmo
407 4272 487 4324 sunt
515 4257 603 4324 inter
630 4279 693 4325 nos
721 4257 879 4326 homines
908 4256 1112 4343 stultissimi,
1151 4259 1223 4349 qui,
1256 4282 1336 4328 cum
1373 4260 1429 4330 ille

254 4378 402 4449 Graecas
422 4379 524 4448 urbes
547 4395 688 4471 occupet
708 4383 925 4470 multumque
948 4396 1044 4451 vexet
1070 4398 1204 4450 nostras
1227 4405 1294 4472 res,
1319 4383 1432 4452 ferant
