3628 5272
736 363 770 375 ..
787 335 823 394 25
841 363 872 378 .-

223 458 398 550 quomodo
419 457 618 526 Benselerus
645 455 844 524 sententiam
867 475 966 521 suam
985 453 1126 523 omnino
1152 453 1238 522 tueri
1257 468 1379 544 potest,

224 582 418 674 quippequi
436 581 574 649 titulum
592 579 691 650 illum
713 576 817 666 ante§
836 578 878 646 42
890 577 1033 646 coniciat
1048 576 1381 646 esseinserendum?

227 705 336 794 Quod
360 705 500 797 quidem
523 727 559 774 re
574 705 688 774 leviter
700 702 805 771 modo
830 700 1043 770 considerata
1066 701 1178 770 visu'm
1213 701 1386 791 quendam

223 832 325 900 habet
347 829 527 922 insignem,
552 827 635 920 quin
665 829 767 896 etiam
791 841 921 894 rectum
946 815 1044 908 esset,
1071 822 1101 892 si
1122 845 1175 892 res
1199 824 1244 893 ita
1267 847 1303 894 se
1327 825 1385 893 ha-

224 953 317 1021 beret
340 967 377 1021 ut
397 953 470 1033 περὶ
490 955 691 1032 παραπρεσβ.
714 945 730 1034 ξ
753 947 833 1035 270,·
853 968 923 1037 quo
943 948 1015 1015 loco
1035 945 1282 1014 Demosthenes
1306 946 1386 1015 scri-

223 1075 286 1144 bae
320 1076 488 1158 γμάμματα
513 1074 549 1139 ἐκ
572 1073 693 1153 στήλης
723 1070 826 1160 tradit
858 1069 1029 1138 recitanda
1065 1069 1168 1160 idque
1200 1068 1279 1138 facit
1308 1091 1386 1139 cum

206 1197 276 1268 his
307 1195 437 1267 verbis:
465 1199 594 1266 τταυτὶ
625 1197 733 1279 λαβὼν
758 1194 936 1276 ἀνάγνωθι,
962 1200 1145 1278 γραμματεῦ
1179 1233 1221 1246 -
1252 1199 1324 1276 λέγε
1352 1189 1384 1265 ν.

226 1323 394 1405 Γμάμματα
416 1321 452 1388 ἐκ
473 1321 594 1401 στήλης
615 1353 657 1368 --
679 1332 711 1384 et
735 1313 750 1402 ξ
776 1316 836 1384 271
853 1315 960 1408 pergit
989 1339 1005 1383 t
1030 1318 1172 1389 ἀκούετε.
1193 1344 1224 1387 ν.
1258 1316 1389 1388 Contra

225 1441 307 1532 §42
330 1456 444 1510 orator
475 1439 578 1507 verba
610 1438 645 1508 in
676 1460 752 1507 aere
776 1438 880 1508 incisa
912 1461 952 1508 ex
979 1439 1145 1508 memoria
1173 1441 1310 1532 exponit
1334 1444 1387 1529 (οὐ

224 1569 335 1647 λόγοις
356 1568 496 1648 ἐμαυτοῦ
519 1566 635 1648 λέγων,
650 1564 732 1644 ἀλλὰ
755 1565 923 1662 γράμματα
944 1571 1010 1632 τῶν
1032 1555 1206 1647 προγόνὼν
1228 1571 1294 1634 τῶν
1316 1568 1388 1649 ὑμε-

223 1689 333 1768 τέρων
349 1685 431 1767 κτλ.)
454 1700 487 1752 et
508 1700 624 1762 nostro
648 1685 723 1752 loco
746 1705 826 1753 eum
849 1683 1031 1753 verisimile
1053 1701 1103 1752 est
1126 1684 1160 1754 in
1184 1685 1301 1754 animo
1325 1686 1388 1756 ha-

224 1806 338 1876 buisse
370 1808 574 1880 documenta
605 1831 623 1876 e
651 1806 856 1900 reipublicae
890 1808 1067 1878 tabellario
1099 1809 1203 1900 petita
1234 1811 1385 1899 recitare,

224 1953 312 2021 quae
335 1953 403 2022 qua
426 1930 557 2016 levitate
573 1948 606 2000 et
620 1931 772 2000 socordia
799 1931 1026 2000 Athenienses
1046 1931 1080 2001 in
1104 1933 1294 2023 proditores
1315 1952 1387 2004 ute-

224 2071 342 2124 rentur
363 2053 492 2142 optime
515 2055 742 2123 declararent:
773 2071 874 2145 atque
898 2054 980 2124 haec
1010 2056 1163 2146 exempla
1193 2057 1245 2125 vel
1277 2056 1388 2149 Spen-

224 2177 329 2268 gelius
350 2193 464 2246 censet
484 2176 588 2246 fuisse
611 2178 726 2268 gravia
743 2194 775 2246 et
798 2176 954 2269 insignia.

267 2300 337 2372 Sed
358 2302 457 2394 longe
479 2302 574 2372 aliter
592 2301 691 2382 sentit
709 2301 953 2371 Rehdantzius.
981 2301 1014 2370 Is
1035 2300 1126 2370 enim
1145 2303 1245 2393 plane
1265 2285 1389 2373 oblitus

225 2424 392 2494 rationem
417 2448 515 2497 suam
536 2423 708 2497 iudicandi
729 2442 881 2494 ceterum
904 2424 1086 2516 egregiam,
1112 2427 1154 2494 de
1181 2448 1249 2516 qua
1272 2444 1390 2518 postea

226 2547 580 2638 erit'disserendum,
619 2571 728 2619 unum
765 2549 830 2619 hoc
868 2550 942 2618 loco
977 2548 1113 2642 respicit
1148 2551 1390 2621 sententiarum

225 2695 362 2744 nexum.
390 2674 509 2765 Itaque
532 2675 663 2744 bonum
694 2674 787 2764 quod
809 2673 974 2764 Vulgatae
1002 2674 1105 2766 verba
1133 2673 1283 2744 referunt
1306 2697 1389 2744 con-

226 2794 338 2864 silium
354 2812 451 2888 putat
466 2796 672 2866 intercidisse
687 2813 720 2865 et
734 2797 831 2866 titulo
845 2796 1088 2865 tantummodo
1102 2794 1256 2866 indicari.
1274 2799 1390 2889 Atque

226 2919 373 2990 suasisse
398 2920 676 3008 Demosthenem,
702 2935 739 2988 ut
761 2941 842 2989 cum
865 2942 983 2989 omnes
1007 2921 1093 2989 inter
1117 2943 1151 3008 se
1177 2919 1298 2990 Graeci
1316 2939 1389 2992 tum

229 3044 454 3115 Athenienses
478 3067 557 3114 curn
581 3044 756 3113 Thebanis
780 3044 936 3135 quamvis
960 3043 1076 3112 invisis
1095 3044 1170 3136 pari
1192 3046 1391 3118 condicione

226 3186 258 3237 et
282 3167 385 3238 missa
408 3169 502 3238 omni
529 3167 756 3238 aemulatione
777 3207 821 3218 -
846 3168 881 3237 id
915 3171 1007 3252 enim
1037 3167 1155 3258 populi
1182 3167 1269 3240 iram
1292 3169 1388 3240 facile

227 3292 441 3366 inflammare
473 3292 688 3385 potuisse-
710 3291 834 3364 foedus.
862 3290 1098 3360 firmissimum
1120 3291 1279 3362 facerent.
1320 3296 1391 3364 Nec

226 3438 307 3484 uero
330 3417 414 3487 haec
439 3414 652 3486 Rehdantzio
677 3412 858 3504 sufficiunt,
886 3415 944 3482 sed
968 3414 1132 3505 scripturn
1152 3415 1235 3483 illud
1259 3433 1392 3506 praeter

226 3539 553 3641 bonumconsilium
572 3537 732 3632 opinatur
750 3538 966 3629 complexum
985 3536 1088 3606 fuisse
1107 3539 1390 3608 commentarium

10 3657 12 3712 ἶ
120 3659 122 3663 ’
227 3665 326 3758 quasi
351 3664 523 3756 quendam
559 3663 600 3732 de
636 3663 738 3732 rebus
762 3661 919 3753 publicis,
945 3661 987 3730 de
1015 3660 1226 3731 Graecorum
1255 3681 1287 3732 et
1311 3664 1389 3733 Ma-

225 3792 395 3861 cedonum
415 3785 520 3876 copiis
541 3778 575 3856 et
599 3787 741 3856 sortasse
769 3785 871 3854 etiam
900 3784 942 3854 de
967 3783 1102 3854 foedere
1126 3807 1205 3854 cum
1230 3789 1392 3857 omnibus

226 3913 366 3986 Graecis
384 3910 549 3982 feriendo.
566 3909 660 3978 Tum
680 3909 832 3997 demum,
849 3907 894 3976 ita
909 3885 1079 3977 concludit
1097 3907 1164 3998 ille,
1191 3931 1260 3978 non
1280 3910 1392 3980 solum

168 4112 171 4118 ,
229 4031 437 4128 rogationem
453 4035 721 4104 a·Demosthene
741 4057 776 4104 re
795 4057 874 4104 vera
898 4035 1001 4105 latam
1022 4033 1051 4123 (ξ
1071 4031 1143 4120 tn:
1170 4037 1248 4115 τοὺς
1270 4035 1392 4115 ἄλλους

228 4167 462 4245 παρακαλῶμεν
485 4166 549 4228 κτλ.
585 4159 644 4227 sed
678 4158 781 4230 etiam
815 4159 1024 4228 iunctionem
1058 4179 1137 4226 cum
1173 4156 1392 4246 sequentibus

200 4320 203 4324 ·
227 4282 317 4356 Ἐστι
338 4285 448 4353 τοίνυν
470 4289 535 4353 κτλ.
559 4280 729 4374 explicari.
755 4281 845 4354 Sane
868 4281 925 4351 illa
945 4303 1069 4372 magno
1093 4279 1217 4372 ingenii
1236 4277 1393 4348 acumine

230 4404 364 4474 inventa
387 4420 421 4472 et
446 4405 588 4476 conficta
620 4423 718 4490 sunt,
753 4427 872 4477 verum
894 4403 1163 4479 .Rehdantzium
1198 4402 1393 4496 longissime

229 4527 347 4596 abesse
366 4551 386 4596 a
404 4548 485 4597 vero
510 4545 543 4596 et
1321 4525 1323 4530 ’
