3628 5272
733 365 767 378 ...
783 340 817 396 43
836 371 868 380 -

215 457 359 549 margini
380 457 570 549 adscripsit.
594 457 640 526 Et
659 459 874 528 Rehdantzio
893 458 1033 548 quidem
1057 455 1208 526 censenti
1233 455 1388 548 interpo·
1423 510 1426 517 2

214 581 381 648 lationum
409 580 452 648 ad
487 578 665 648 historiam
694 580 938 670 spectantium,
962 578 1050 648 inter
1078 599 1164 668 quas
1195 578 1297 648 etiam
1331 578 1390 649 hic

213 706 339 773 locusa
353 705 624 772 Westermanno
643 720 676 770 et
694 701 870 774 Schultzio
882 718 1104 790 numeratur,
1126 701 1162 770 in
1175 701 1386 792 reliquarum

215 827 455 895 Demosthenis
483 826 679 894 orationum
711 823 886 894 codicibus
914 825 1049 894 nullum
1077 825 1220 894 omnino
1256 842 1390 895 exstare
1495 832 1499 842 '

214 949 420 1040 exemplum,
445 970 526 1016 cum
549 946 757 1016 contrariam
781 945 985 1016 sententiam
1008 968 1112 1034 supra
1136 947 1167 1035 (ξ
1190 950 1253 1030 72,
1289 949 1384 1038 ξ32,

214 1074 230 1160 ξ
251 1073 307 1161 tt)
325 1067 524 1162 probatisse
544 1063 627 1138 mihi
647 1071 776 1158 videar,
804 1069 960 1138 assentiri
986 1071 1082 1138 nullo
1101 1069 1207 1138 modo
1226 1091 1383 1160 possum.

215 1197 352 1264 Etenim
369 1197 433 1265 hoc
448 1197 524 1264 loco
538 1195 636 1285 longe
651 1194 748 1264 aliter
761 1192 834 1262 sine
849 1192 956 1262 dubio
972 1215 1025 1261 res
1041 1217 1076 1262 se
1091 1194 1194 1263 habet
1210 1211 1243 1262 et
1255 1167 1388 1263 scribae

213 1342 364 1389 errorem
390 1321 529 1388 subesse
553 1317 777 1387 manifestum
793 1331 854 1386 est.
886 1317 1007 1406 ltaque
1024 1317 1221 1386 Voemelius
1246 1319 1384 1386 oculum
1477 1401 1480 1408 Ι

211 1445 344 1513 scribae
366 1445 438 1512 vult
460 1445 504 1512 ab
529 1445 642 1510 ecum
667 1441 805 1533 syllabis
829 1443 873 1510 ad
896 1443 1011 1510 octmt
1045 1445 1291 1529 [Παρνενίωνος
1319 1444 1388 1528 καὶ]

212 1569 427 1636 aberrantem
454 1566 611 1634 omisisse
634 1587 792 1634 versum:
819 1587 925 1655 quam
952 1587 1025 1632 rem
1051 1564 1174 1632 melius
1201 1562 1303 1630 etiam
1326 1584 1385 1630 ex·

212 1690 313 1780 plicat
340 1688 575 1758 Rehdantzius
599 1709 652 1770 eu,
679 1687 772 1775 quod
796 1687 840 1755 ad
863 1687 1028 1755 maiorem
1054 1683 1266 1754 efficiendam
1291 1684 1387 1778 simi-

212 1811 391 1881 litudinem
417 1832 480 1899 pto
503 1815 554 1880 καὶ
589 1808 764 1876 substituit
799 1808 1045 1900 compendium
1074 1807 1158 1875 illud
1189 1806 1225 1876 in
1252 1807 1329 1875 cod.
1361 1811 1391 1876 Σ

212 1937 259 2022 (ν.
284 1933 450 2002 Voemelii
473 1934 602 2024 proleg.
627 1929 701 1998 crit.
729 1930 745 2018 ξ
768 1932 810 2000 86
833 1947 865 1998 et
889 1931 959 2000 tab.
988 1930 1088 2000 litter.
1106 1930 1155 1998 N⁰
1181 1931 1229 2014 Α,
1254 1927 1288 2015 3)
1312 1928 1386 1996 usi·
1469 1972 1473 1984 ι

212 2073 321 2125 tatum
343 2072 376 2124 et
395 2055 564 2125 litteran
584 2052 811 2140 simillimum,
829 2053 875 2121 ita
894 2072 932 2121 ut
954 2053 1018 2122 sibi
1039 2043 1268 2144 respondeant
1286 2059 1389 2138 βουλο

215 2181 606 2266 ιΜεΝογεεωΖεωΑι
632 2193 665 2245 et
692 2157 1153 2263 naprnentouoc'znnet.
1192 2177 1311 2245 Rebus
1340 2173 1386 2242 aa

214 2323 251 2368 se
285 2300 490 2369 habentibus
524 2299 608 2368 nihil
641 2299 793 2391 prolecto
820 2297 922 2367 habet
948 2296 1110 2388 ponderis
1145 2297 1268 2371 iterum
1305 2319 1385 2366 cum

213 2422 471 2494 Funkhaenelio
498 2438 644 2509 statuere
681 2444 734 2491 res
763 2419 808 2490 ibi
845 2421 987 2489 traditas
1023 2443 1062 2489 ex
1092 2425 1389 2505 ὑπομνηματιστῶν

212 2547 306 2617 libris
326 2546 530 2631 manavisse‚
551 2545 585 2613 id
605 2545 698 2636 quod
713 2567 826 2636 neque
845 2546 909 2614 hoc
929 2545 1003 2612 loco
1023 2565 1133 2632 neque
1153 2546 1169 2634 §
1188 2545 1242 2631 72,
1265 2541 1313 2610 uti
1332 2541 1385 2610 ui-

212 2671 338 2756 dimus,
365 2669 573 2758 argumentis
597 2667 679 2736 satis
702 2667 811 2736 firmis
830 2665 970 2758 probari
989 2682 1112 2757 potest.
1141 2665 1280 2734 Rectius
1308 2667 1383 2733 ani-

212 2793 393 2862 madvertit
415 2791 628 2883 Spengelius,
653 2790 711 2881 qui
732 2789 767 2860 in
782 2807 927 2880 utraque
946 2812 1008 2858 sua
1027 2787 1255 2881 disputatione
1272 2789 1387 2858 locum
1494 2861 1506 2892 ὑ
1540 2865 1541 2872 ¹

212 2916 399 3006 genuinum
424 2914 587 3005 agnoscit,
615 2935 730 2982 rerum
756 2913 939 3005 scriptores
964 2935 1085 2981 eorum
1109 2913 1168 3003 qui
1198 2912 1322 2983 talibus
1350 2914 1386 2981 in

212 3037 482 3130 expeditionibus
506 3038 609 3106 duces
635 3035 779 3106 luissent
801 3035 943 3104 nomina
977 3035 1032 3104 vix
1059 3035 1177 3104 litteris
1204 3038 1384 3128 consigna-

211 3173 307 3229 turos
327 3161 444 3230 fuisse.
470 3160 601 3228 Verum
625 3158 719 3227 enim
741 3179 823 3226 vero
846 3158 958 3226 verbis
988 3156 1065 3246 illis,
1101 3178 1188 3247 quae
1215 3158 1251 3226 in
1277 3180 1332 3249 pr.
1361 3166 1387 3229 Σ

211 3301 244 3352 et
265 3306 318 3375 pr.
345 3285 452 3352 Laut.
472 3305 553 3351 casu
579 3297 611 3351 et
625 3280 767 3350 fortuito
787 3279 997 3348 intercidisse
1016 3297 1170 3371 apparet,
1194 3301 1275 3348 vera
1297 3280 1387 3350 tradi
1446 3323 1448 3328 κ

211 3407 310 3476 certis
334 3405 537 3476 testimoniis
561 3405 797 3474 confirmatur.
826 3404 989 3492 Namque
1007 3404 1050 3472 de
1074 3404 1272 3496 Eurylocho
1295 3425 1384 3494 quo·

210 3532 292 3600 darn
318 3533 426 3622 legato
450 3553 519 3599 una
548 3552 628 3598 cum
660 3527 890 3597 Parmenione
920 3541 952 3595 et
981 3525 1167 3618 Antipatro
1195 3527 1239 3596 ad
1272 3527 1388 3597 Athe-

97 3743 103 3754 ·
212 3655 345 3722 nienses
369 3655 475 3722 misso
500 3652 708 3721 mentionem
731 3649 811 3718 facit
833 3666 952 3718 auctor
972 3648 1112 3718 secundi
1131 3651 1322 3766 argumenti
1341 3651 1385 3718 ad

157 3813 163 3822 ,
211 3793 298 3845 orat.
332 3782 405 3859 περὶ
436 3783 637 3859 παραπρεσβ.
672 3778 726 3864 (p.
753 3774 829 3861 336,
861 3773 912 3844 10.
939 3771 1043 3840 Dino.
1083 3795 1118 3862 p.
1144 3775 1233 3860 287).
1275 3772 1387 3861 Quod

212 3898 368 3988 quamvis
393 3921 463 3990 non
496 3895 577 3965 satis
611 3896 754 3987 dignum
786 3894 830 3964 sit
857 3894 912 3963 cui
942 3895 1046 3964 fidem
1076 3897 1218 3965 omnino
1255 3896 1383 3966 habea-

211 4045 302 4110 mus,
327 4039 443 4090 tamen
465 4037 584 4090 auctor
608 4020 680 4088 eius
703 4035 815 4110 potest
837 4041 911 4088 rem
936 4019 1022 4087 bene
1051 4021 1272 4112 comperisse,
1305 4042 1385 4089 cum
1443 4037 1446 4054 ·

211 4145 313 4214 etiam
339 4146 433 4214 locus
458 4145 513 4214 ille
538 4143 721 4214 Aeschinis
745 4145 778 4233 33
812 4145 853 4212 76
883 4167 919 4236 p.
954 4143 996 4210 64
1026 4147 1142 4233 (Δημ.)
1177 4147 1389 4228 ἐμισθώσατο

211 4269 323 4350 αὐτοῖς
344 4270 417 4349 τρία
437 4271 532 4350 ζεύγη
556 4270 660 4350 dotted,
681 4282 719 4335 ut
741 4265 905 4336 acerrime
924 4265 1008 4334 vidit
1028 4263 1264 4334 Boehneckius
1283 4265 1386 4355 (For-

211 4389 385 4480 schungen
412 4389 441 4478 1,
465 4388 539 4468 389,
563 4390 609 4477 5),
635 4389 679 4456 ad
702 4408 771 4458 tres
781 4392 907 4480 legatos
918 4406 1069 4480 spectare
1078 4388 1244 4458 videatur.
1265 4387 1390 4478 Itaque
