3628 5272
863 395 897 406 -
913 363 948 420 36
964 393 999 404 -

299 493 312 512 λ
339 497 452 553 essent
468 481 627 572 genuina.
653 481 752 570 Quin
772 483 874 552 etiam
902 483 1019 554 omnia
1043 486 1187 555 oratoris
1219 489 1372 557 redolent
1399 495 1512 582 gravi-

337 605 554 673 tatemVere
569 605 872 676 Demosthenicum
887 625 948 692 est,
971 607 1036 677 illis
1063 614 1174 690 πόλεις
1209 613 1519 697 καταλαμβάνοντος

339 730 464 798 ἐκείνου
484 723 613 818 opponi
632 731 724 812 ἡμῶν
746 752 832 811 τινες
854 732 886 797 οἱ
906 736 1078 812 ποιοῦντες
1100 735 1158 799 τὸν
1180 719 1334 814 πόλεμον,
1350 755 1427 801 vere
1441 734 1511 802 De-

339 851 549 919 mosthenica
581 867 631 919 est
662 849 819 918 vocabuli
843 851 997 930 πολλάκις
1027 851 1236 940 οοΙΙοοοτῑο,’
1253 875 1331 922 vere
1363 854 1512 946 denique

338 971 599 1041 Demosthenica
617 987 685 1041 tota
706 987 756 1040 est
772 971 995 1062 periodorum
1014 989 1195 1056 structura,
1218 997 1307 1062 quae
1322 977 1515 1046 consimilis

336 1111 387 1162 est
400 1071 496 1163 initio
512 1093 752 1163 Demosthenis
771 1091 934 1162 orationis
953 1093 987 1162 in
1005 1094 1197 1185 Aphobum
1212 1096 1348 1166 habitae
1363 1097 1513 1187 primae.

382 1219 496 1287 Multo
515 1241 597 1288 vero
615 1214 769 1308 graviora
788 1232 820 1285 et
839 1239 926 1305 quae
944 1217 988 1284 ad
1007 1215 1263 1286 diiudicandam
1281 1221 1323 1288 de
1342 1237 1419 1288 ortu
1433 1219 1509 1289 illo-

336 1363 413 1409 rum
434 1340 450 1427 §
468 1342 489 1408 6
521 1358 554 1408 et
583 1340 604 1407 t
623 1338 858 1430 quaestionem
876 1339 1067 1431 plurimum
1098 1342 1231 1408 valeant
1249 1358 1329 1411 sunt
1351 1343 1510 1428 crimina,

336 1487 424 1556 quae
456 1464 490 1533 in
522 1463 635 1556 ipsum
666 1463 731 1532 loci
762 1478 1003 1554 argumentum
1028 1479 1060 1531 et
1083 1465 1326 1534 sententiarum
1354 1466 1513 1534 ordinem

335 1604 437 1676 atque
455 1605 587 1655 nexum
615 1585 766 1654 coniecta
781 1601 872 1654 sunt.
895 1585 947 1652 lta
975 1585 1252 1655 Funkhaenelius
1276 1589 1516 1679 paragraphos

336 1710 429 1798 istos,
452 1733 539 1799 quos
557 1724 654 1800 putat
672 1708 716 1777 ab
735 1709 871 1776 rhetore
886 1709 1002 1798 aliquo
1021 1725 1059 1774 ut
1071 1725 1179 1778 artem
1200 1732 1299 1777 suam
1319 1711 1512 1780 ostenderet
1613 1793 1616 1796 Α

334 1832 422 1902 inter
440 1832 456 1921 ἕ
478 1835 496 1902 5
517 1831 578 1919 et§
599 1832 619 1900 8
639 1855 712 1900 esse
730 1831 885 1919 insertos,
908 1831 942 1900 in
957 1831 1214 1922 prooemiorum
1230 1833 1331 1900 refert
1349 1855 1507 1922 numera,

334 1957 418 2026 haec
436 1955 528 2024 enim
558 1979 576 2024 e
609 1953 721 2024 verbis
753 1954 1024 2023 Demosthenicis
1042 1954 1271 2046 conglutinata
1300 1971 1333 2024 et
1364 1955 1409 2025 ab
1426 1955 1516 2049 ipsis

334 2075 531 2146 auctoribus
550 2077 753 2168 amplificata
771 2100 866 2145 esse:
900 2098 1007 2168 quarn
1030 2095 1144 2146 tamen
1164 2079 1394 2148 coniecturam
1428 2102 1509 2148 eum

334 2199 434 2270 certis
467 2201 607 2290 quidem
638 2202 847 2292 argumentis
880 2223 950 2270 non
983 2199 1198 2292 probavisse
1216 2202 1404 2272 dolendum
1441 2219 1505 2272 est.

334 2321 465 2392 Contra
479 2322 684 2419 §pengelius
702 2324 805 2392 verba
820 2324 876 2393 illa
894 2323 1041 2414 genuina
1052 2347 1129 2394 esse
1142 2340 1251 2416 putat,
1269 2327 1333 2393 etsi
1349 2325 1414 2394 hoc
1433 2325 1515 2394 loco

334 2461 402 2515 tres
426 2444 585 2537 deinceps
608 2445 859 2515 enuntiationes
882 2445 994 2515 verbis
1018 2449 1045 2514 el
1069 2452 1127 2530 μὲν
1150 2449 1211 2516 οὖν
1233 2447 1443 2539 incipientes,
1472 2465 1516 2517 ut.

333 2569 403 2638 fere
421 2569 479 2638 fiat
498 2567 532 2636 in
551 2567 792 2638 additamentis
818 2570 862 2638 ab
881 2587 1016 2638 oratore
1033 2585 1111 2660 post
1129 2569 1237 2659 lactis,
1260 2571 1507 2640 sententiarum

334 2692 434 2762 nexui
454 2693 547 2761 haud
567 2692 653 2761 bene
672 2695 897 2762 conveniant:
918 2711 1033 2762 tarnen
1053 2714 1109 2761 eas
1128 2694 1201 2761 vult
1219 2715 1409 2785 repugnare
1426 2718 1506 2764 sen·

332 2815 456 2884 tentiae
474 2815 523 2883 illi
542 2815 556 2904 §
579 2815 615 2883 l:
636 2818 689 2883 καὶ
710 2817 843 2883 πάντων
867 2817 903 2883 εὖ
927 2816 989 2883 οἶδ’
1010 2817 1060 2884 δτι
1083 2817 1266 2898 φησάντων
1289 2817 1318 2896 γ’
1340 2817 1380 2884 ἂν
1404 2819 1432 2884 εἰ
1454 2821 1513 2885 καὶ,

334 2941 375 3022 μὴ
398 2943 531 3006 ποιοῦσι
551 2943 649 3007 τοῦτο
672 2940 723 3004 καὶ
754 2938 859 3014 λέγειν
882 2939 952 3003 δεῖν
968 2938 1020 3002 καὶ
1059 2936 1209 3016 πράττειν
1231 2936 1324 3016 ὅπως
1346 2931 1512 3005 παύάεται

331 3059 458 3142 ὕβρεως
479 3062 530 3127 καὶ
552 3060 644 3140 δίκην
666 3059 780 3135 δώσει,
808 3053 887 3145 quia
913 3049 976 3123 lloc
1005 3055 1080 3124 loco
1098 3075 1220 3124 omnes
1240 3054 1355 3124 dicant
1378 3078 1399 3124 a
1419 3055 1504 3126 Phi-

331 3180 426 3269 lippo
444 3177 588 3247 violatae
606 3177 701 3268 pacis
724 3201 853 3269 poenas
885 3201 958 3248 esse
977 3177 1189 3269 repetendas,
1212 3175 1277 3246 illic
1296 3199 1377 3246 vero
1407 3177 1510 3274 multi

331 3321 400 3370 non
422 3299 623 3392 Philippum
643 3300 771 3369 bellurn
786 3323 912 3391 gerere,
933 3299 993 3368 sed
1013 3299 1096 3390 ipsis
1123 3297 1271 3366 Athenis
1289 3319 1363 3368 esse
1382 3299 1442 3389 qui
1459 3299 1505 3367 ad
1595 3305 1598 3308 ’

330 3424 460 3492 bellurn
478 3422 657 3511 concitent,
680 3424 773 3512 quod
793 3422 931 3514 quidem
952 3444 1112 3514 magnam
1135 3419 1348 3490 audientium
1372 3439 1509 3512 partem

329 3545 480 3629 credere,
500 3543 547 3612 ita
566 3560 604 3612 ut
621 3560 737 3613 orator
754 3545 820 3614 hoc
838 3545 880 3612 de
893 3544 1035 3613 crimine
1052 3543 1159 3612 verba
1178 3541 1242 3612 sibi
1259 3566 1332 3613 esse
1350 3545 1505 3614 facienda

329 3683 479 3736 censeat.
514 3669 632 3757 Atque
666 3667 754 3736 hanc
782 3665 1045 3758 discrepantiam
1078 3663 1190 3766 etiams
1212 3687 1245 3735 a.
1283 3667 1366 3736 1800
1397 3665 1510 3736 tenuit

331 3807 449 3860 contra
467 3790 697 3858 Voemelium.
721 3789 755 3858 Is
775 3788 967 3858 enimcum
985 3787 1166 3880 Spengelio
1185 3788 1332 3857 dedisset
1349 3789 1501 3878 crimini,

331 3913 426 4005 quod
445 3911 648 4004 particulam
678 3914 720 3982 ἂν
743 3911 838 3981 initio
868 3910 1016 4004 positam
1049 3911 1248 4002 neglegeret,
1283 3911 1508 3982 contenderat

331 4033 417 4104 illud
443 4037 576 4104 πάντων
606 4035 788 4118 φησάντων
808 4033 838 4114 γ’
858 4033 913 4116 ἂν,
947 4033 1042 4122 quod
1076 4054 1144 4100 non
1178 4013 1268 4101 idem
1291 4049 1378 4100 esset
1407 4033 1503 4121 quod

332 4182 353 4220 a
371 4177 493 4226 omnes
516 4154 679 4233 dixerunt
698 4183 739 4242 n,
773 4155 833 4222 sed
860 4151 1064 4245 significaret
1097 4181 1114 4216 a
1149 4175 1268 4222 omnes
1300 4152 1503 4240 dixissent»

328 4279 418 4369 (scil.
437 4279 468 4348 si
487 4278 683 4370 interrogati
707 4281 836 4367 essent)
864 4294 897 4347 et
914 4277 999 4346 illud
1018 4279 1047 4346 ελ
1069 4281 1301 4360 ὡμολογοῦμεν
1322 4279 1341 4362 ἓ
1360 4279 1414 4366 6(
1437 4304 1453 4340 a
1472 4275 1500 4344 si

325 4401 597 4484 concederemus
617 4429 633 4464 ν
652 4439 697 4451 -
716 4399 822 4490 οοοά
835 4419 916 4468 vero
940 4421 1010 4468 non
1030 4397 1189 4482 facimus)
1216 4415 1329 4466 tamen
1359 4397 1506 4468 intense
