3628 5272
912 383 914 388 ,
958 367 991 380 -
1009 339 1044 394 46
1065 368 1095 378 -
1134 377 1135 382 =

432 461 623 528 ἀποκτεῖναι
655 457 922 526 Demosthenem
957 481 974 524 e
1008 455 1144 528 Solonis
1178 457 1307 547 legibus
1340 457 1496 548 petivisse
1530 456 1607 527 ideo

436 598 507 648 non
531 600 604 648 esse
634 580 817 649 verisimile
849 621 892 634 —
919 597 957 648 ut
989 598 1039 650 est
1076 579 1238 652 Schultzii
1266 581 1431 648 sententia
1448 622 1491 636 -
1513 582 1607 670 quod

433 702 613 792 sequentia
636 710 734 772 τοῦτο
753 707 792 784 δὴ
809 708 906 788 λέγει,
925 708 1067 786 καθαρὸν
1094 707 1151 772 τὸν
1176 707 1302 772 τούτων
1318 705 1378 772 τιν’
1388 706 1607 772 ἀποκτείναντ’

432 828 519 920 εἶναι
543 847 612 898 non
637 826 680 893 ad
703 823 897 892 obsoletum
924 814 1011 893 illud
1045 829 1159 908 εὐαγὲς
1193 825 1252 891 sed
1286 825 1330 892 ad
1354 824 1463 914 legem
1496 825 1606 914 ipsam

437 949 675 1018 illustrandam
699 946 857 1016 adiecerit
883 963 1010 1034 orator,
1046 947 1186 1016 concedi
1219 949 1313 1017 nullo
1350 948 1453 1014 modo
1482 963 1604 1038 potest.

438 1074 574 1145 Etenim
600 1072 634 1141 in
658 1071 705 1140 eis
729 1092 816 1160 quae
839 1070 1032 1142 Schultzius
1055 1070 1165 1138 adfert
1187 1069 1267 1138 insit
1284 1071 1358 1139 licet
1376 1070 1505 1161 aliquid
1521 1071 1603 1159 veri,

431 1212 550 1266 tamen
574 1216 699 1264 nexum
730 1193 904 1285 quendam
935 1195 1107 1262 causalem
1141 1210 1329 1262 statuamus
1364 1194 1519 1261 nondum
1548 1217 1626 1262 nes

432 1343 529 1388 cesse
552 1336 621 1388 est:
649 1319 733 1408 quin
757 1334 915 1408 suspecta
945 1318 1002 1386 illa
1032 1315 1145 1406 potius
1169 1317 1272 1386 verba
1303 1317 1347 1385 ab
1378 1317 1453 1406 ipso
1477 1318 1606 1385 Demo·

435 1444 554 1512 sthene
578 1443 641 1510 hoc
667 1441 888 1531 locoscripta
912 1463 984 1508 esse
1007 1456 1162 1530 possunt.
1194 1443 1417 1535 *Postremum
1448 1440 1502 1508 ille
1526 1463 1605 1536 cum

432 1566 514 1634 citet
534 1564 708 1633 Andocid.
733 1564 760 1651 l,
783 1562 824 1630 97
848 1567 867 1633 ὁ
884 1565 1075 1642 ἀποκτείνας
1092 1546 1150 1630 τὸν
1172 1569 1272 1634 ταῦτα
1286 1569 1467 1647 ποιήσαντα
1486 1565 1606 1645 εὐαγής

390 1675 392 1679 ’
432 1690 522 1755 ἔστω
543 1691 595 1754 καλ
617 1689 718 1771 ὅσιος,
739 1708 808 1754 non
833 1707 886 1754 res
909 1685 993 1774 ipsa,
1017 1685 1138 1774 inquit,
1161 1685 1220 1752 sed
1245 1685 1285 1765 is,
1311 1685 1370 1774 qui
1385 1686 1449 1754 hoc
1467 1685 1603 1771 fecerat,

433 1807 611 1875 dicebatur
637 1811 757 1892 εὐαγής
785 1809 807 1876 i.
843 1831 874 1876 e.
905 1814 1055 1891 καθαρός.
1084 1807 1152 1879 Sed
1183 1830 1225 1875 ne
1253 1809 1317 1876 boc
1350 1808 1489 1897 quidem
1518 1823 1606 1876 recte

436 1929 502 1998 dici
524 1952 624 2020 posse
647 1931 792 2014 videtur,
815 1952 893 1999 cum
921 1931 1127 1999 Plutarchus
1150 1952 1287 2020 quoque
1313 1932 1411 2022 (Lyc.
1437 1931 1493 2018 28)
1522 1953 1606 1998 eun-

436 2053 514 2120 de'm
539 2051 662 2124 Graeci
679 2054 853 2124 sermonis
877 2077 980 2122 usum
1010 2072 1145 2123 secutus
1178 2054 1303 2122 scribat
1332 2059 1447 2136 εὐαγές
1475 2057 1606 2123 ἐστι’τὸ

431 2176 574 2244 ἀνελεῖν.

480 2293 555 2362 Iam
578 2295 647 2362 duo
671 2295 727 2364 alii
751 2297 813 2364 loci
841 2311 946 2364 manu
965 2295 1048 2364 XII.
1071 2296 1195 2364 saeculi
1214 2295 1382 2364 emendati
1408 2295 1483 2362 aliis
1503 2295 1605 2364 etiam
1638 2279 1640 2282 ⁵

432 2417 637 2485 testimoniis
661 2418 749 2486 adeo
773 2418 897 2485 firmati
920 2435 1022 2508 atque
1044 2417 1181 2485 stabiliti
1206 2417 1439 2498 videntur,·ut
1468 2417 1605 2508 genuini
1665 2509 1667 2514 ,

433 2540 581 2631 putandi
604 2539 683 2610 sint.
712 2545 765 2610 Ac
787 2541 938 2632 primum
974 2541 1114 2631 quidem
1146 2513 1230 2610 illud
1261 2545 1414 2624 πρίασθαι
1449 2544 1464 2632 ἕ
1494 2552 1548 2616 31
1585 2564 1605 2608 a

435 2664 617 2756 Spengelio
641 2665 815 2748 reiectum,
837 2666 930 2754 quod
955 2681 1093 2756 propter
1111 2670 1272 2750 πρότερον
1291 2665 1388 2733 facile
1408 2664 1606 2733 intercidere

435 2789 556 2880 potuit.
585 2789 704 2878 Itaque
728 2787 943 2879 superfluum
966 2805 1054 2856 certe
1078 2804 1128 2856 est
1155 2789 1199 2856 ad
1229 2789 1479 2876 defendendam
1512 2787 1605 2856 codi—

430 2933 514 2982 cum
538 2915 564 2976 Σ
587 2928 619 2979 et
640 2912 746 2979 Laur.
774 2909 950 2979 lectionem
977 2923 1056 2978 cum
1080 2909 1254 2982 Schultzio
1277 2911 1356 2979 inde
1383 2913 1426 2980 ab
1458 2911 1605 2980 Homeri

434 3026 569 3103 dicendi
592 3056 658 3101 usu
684 3033 797 3121 (Iliad.
824 3034 872 3118 ΙΙ,
897 3033 981 3103 852:
1008 3037 1041 3103 ἐξ
1063 3035 1209 3114 Ἐνετῶν,
1234 3035 1310 3102 ὅθεν
1330 3037 1474 3116 ἡμιόνων
1491 3037 1603 3118 γένος,

431 3157 593 3246 abian,
621 3159 702 3228 857:
727 3157 804 3226 ὅθεν
838 3158 983 3238 ἀργύρου
1013 3159 1083 3224 ἐστὶ
1110 3157 1260 3238 γενέθλη)
1299 3170 1459 3246 repetere,
1494 3179 1605 3245 neque

430 3299 608 3352 oratorem
631 3280 723 3350 unde
754 3277 923 3346 oriundus
958 3297 1046 3347 esset
1081 3277 1263 3369 Philippus
1297 3280 1469 3347 dicturum
1500 3279 1605 3354 fuisse
1693 3315 1696 3322 =

432 3408 505 3475 ullo
541 3405 644 3474 modo
673 3402 812 3494 probari
836 3417 957 3494 potest.
989 3379 1182 3470 Lucianum
1207 3423 1286 3470 vero
1317 3402 1431 3470 locum
1464 3403 1532 3471 iam
1559 3403 1605 3473 ita

433 3529 564 3620 legisse,
591 3543 628 3594 ut
651 3547 774 3594 manus
794 3525 878 3593 Xll.
897 3525 1021 3593 saeculi
1044 3523 1201 3611 correxit,
1225 3547 1265 3592 ex
1287 3523 1399 3592 verbis
1422 3525 1496 3593 eius
1514 3527 1605 3594 clare

435 3666 588 3742 apparet.
624 3647 760 3716 Etenim
793 3649 913 3715 Paras,
949 3648 992 3714 42
1023 3649 1106 3716 haec
1143 3645 1277 3738 posuit:
1322 3651 1341 3716 ὁ
1375 3652 1466 3716 ταυτὶ
1498 3652 1604 3727 λέγων

434 3773 521 3864 (scil.
551 3771 667 3857 Dein.)
684 3773 720 3838 ἐν
731 3773 812 3848 -ταῖς
828 3770 1000 3851 ἐκκλησίας
1019 3777 1176 3851 συνεχῶς·
1206 3769 1365 3849 Φίλιππος
1382 3771 1444 3850 γὰρ
1460 3771 1479 3837 ὁ
1499 3765 1606 3860 Μακε-

431 3900 544 3965 δόνων
561 3894 708 3972 ὄλεθρος,
730 3891 806 3958 ὅθεν
824 3893 902 3991 οὐδε
918 3890 1126 3971 ἀνδράποδον
1142 3892 1268 3970 πρίαιτο
1285 3888 1371 3974 (scil.
1397 3892 1605 3972 ἀνδράποδον

360 4053 362 4057 -
434 4020 480 4085 ἂν
502 4017 642 4098 πρίαιτο,
668 4010 761 4100 quod
785 4026 863 4100 post
887 4009 1055 4102 syllabam
1084 4035 1122 4080 ον
1153 4009 1250 4079 facile
1277 4010 1387 4080 omitti
1410 4010 1534 4102 potuit)
1557 4013 1607 4090 τίς

434 4160 526 4207 ποτε.
542 4173 584 4186 —-
597 4134 728 4203 Deinde
750 4134 883 4224 §1sub
903 4135 962 4202 fin.
986 4156 1110 4202 manus
1130 4134 1214 4202 XII.
1237 4132 1362 4200 saeculi
1387 4133 1474 4201 inter
1492 4141 1553 4205 νῦν
1573 4148 1609 4199 et

430 4264 619 4340 διατεθῆναι
638 4255 840 4348 interposuit
867 4262 959 4338 αὐτά,
985 4257 1079 4346 quod
1106 4256 1262 4325 vocabuli
1290 4263 1459 4343 πράγματα
1489 4257 1605 4323 locum

429 4394 574 4446 teneret.
599 4378 708 4466 Quod
721 4379 812 4449 idem
828 4381 987 4450 exhibent
1007 4379 1105 4448 multi
1123 4379 1255 4450 codices
1274 4363 1428 4472 Dionysii
1445 4379 1607 4448 Halicar-
