3628 5272
911 363 944 376 -
963 333 996 390 12
1014 364 1046 375 -
1628 381 1634 388 .

397 460 432 530 Ω,
456 457 534 525 Vat.
562 456 659 525 Man.
688 453 775 526 Urb.
803 453 896 546 Ang.
926 455 1000 524 Pal.
1020 456 1050 544 1,
1076 453 1218 528 Vind.l.
1237 459 1351 528 3et4z
1373 455 1484 524 Rehd.
1513 455 1555 522 Y.

396 606 431 651 u.
448 605 480 652 ν.
497 581 580 651 Ald.
602 582 699 670 sqq.)
709 582 804 650 πάνθ’
822 583 913 650 όσων
936 581 976 650 ἂν
998 583 1135 650 δέωνται
1155 575 1305 668 (δέωνται
1327 583 1378 648 καὶ
1402 580 1495 670 Aug.
1522 577 1556 667 2)

396 705 606 790 ἀποστεῖλαι]
631 701 900 797 interpolationis
934 720 1047 773 movet
1079 679 1322 796 suspicionem,
1357 725 1444 794 quae
1468 701 1557 772 codi-

301 897 304 902 .
394 826 490 896 cibus
509 833 534 895 Σ
549 843 582 897 et
594 849 647 919 pr.
665 829 770 897 Laur.
787 827 920 896 firmata
934 827 1079 898 videtur.
1100 827 1261 920 Sequitur
1280 827 1381 920 igitur
1399 842 1437 895 ut
1454 825 1557 896 verba

396 952 451 1022 illa
475 951 543 1022 sint
567 951 729 1047 eicienda.

425 1201 428 1204 ι
478 1117 511 1186 7.
533 1112 607 1205 (Sp.
632 1135 667 1204 p.
696 1111 771 1200 181)
795 1113 880 1203 §tl
899 1109 948 1180 ότι
970 1114 998 1180 δ’
1021 1113 1107 1180 οὕτω
1129 1113 1203 1196 ἔχει,
1226 1113 1266 1180 τὰ
1291 1115 1348 1195 μἐν
1375 1116 1435 1180 νῦν
1462 1113 1556 1200 όρᾶτε

394 1239 497 1320 δήπου
520 1238 572 1304 καὶ
593 1239 691 1304 οὐδὲν
715 1236 793 1318 ἐμοῦ
815 1238 1009 1316 προςδεῖσθε
1031 1233 1203 1315 μάρτυρος·
1219 1234 1258 1300 τά
1281 1233 1318 1303 δ’,
1331 1233 1367 1300 ἐν
1383 1237 1453 1311 τοῖς
1473 1231 1557 1300 άνω-

393 1366 449 1427 θεν
464 1360 595 1441 χρόνοις
613 1357 661 1425 ὅτι
676 1356 829 1428 τάναντία
845 1355 937 1436 εἶχεν,
956 1355 1020 1433 ἐγὼ
1051 1357 1200 1436 δηλώσω,
1218 1355 1257 1421 ού
1274 1354 1393 1433 λόγους
1418 1355 1555 1436 ἐμαυτοῦ

393 1483 507 1561 λέγων,
530 1479 611 1546 ἀλλὰ
632 1478 798 1560 γράμματα
814 1482 880 1544 τῶν
896 1477 1068 1557 προγόνων
1086 1481 1151 1542 τῶν
1169 1476 1335 1556 ὑμετέρων
1359 1474 1556 1559 [δεικνύων],

392 1601 514 1678 ἁκεῖνοι
525 1579 699 1666 κατέθεντο
709 1599 754 1677 εἰς
770 1599 893 1678 στήλην
906 1601 1025 1680 χαλκῆν
1039 1597 1224 1678 γράψαντες
1235 1595 1280 1675 εἰς
1302 1595 1475 1677 ἀκρόπολιν
1486 1595 1557 1676 [ούχ
1580 1607 1583 1612 “

391 1722 432 1790 ἵν’
454 1722 566 1800 αὐτοῖς
587 1721 606 1804 ή
628 1720 781 1801 χρήσιμα,
806 1718 939 1799 καὶγὰρ
962 1717 1041 1784 ἄνευ
1063 1718 1189 1783 τούτων
1212 1722 1278 1784 τῶν
1301 1715 1494 1797 γραμμάτων
1517 1717 1556 1780 τά
1623 1748 1625 1752 -

394 1844 510 1909 δέοντα
532 1840 707 1922 ἐφρόνουν,
732 1840 801 1907 ἀλλ’
816 1839 858 1907 ἵν’
875 1840 967 1922 ὑμεῖς
982 1838 1074 1920 ἔχητε
1095 1840 1307 1921 ὑπομνήματα
1322 1839 1373 1905 καὶ
1387 1837 1556 1919 παραδείγ-

393 1984 476 2045 ματα
500 1963 546 2040 ως
566 1961 648 2042 ὑπὲρ
670 1966 735 2028 τιῦν
758 1961 917 2029 τοιούτων
941 1962 1135 2028 σπουδάζειν
1157 1962 1318 2040 προςήκει·
1341 1961 1369 2026 τί
1389 1959 1448 2025 οῦν
1471 1951 1567 2035 λέγει

392 2079 633 2164 τάγράμματα]
647 2079 823 2164 ν’Άρῦμιος
841 2082 999 2162 αφησὶνυ
1020 2081 1038 2146 δ
1054 2081 1274 2159 Πυθώνακτος
1291 2079 1474 2159 όΖελείτης
1492 2079 1556 2145 ἄτι-

393 2227 453 2288 μος
464 2208 516 2271 καὶ
535 2207 689 2287 πολέμιος
710 2211 774 2274 κτλ.
796 2205 849 2272 Ac
863 2202 1015 2294 primum
1027 2202 1167 2302 quidem
1178 2202 1385 2272 vocabulum
1398 2200 1562 2270 δεικνύων

396 2323 594 2415 Sp'engelius
613 2324 808 2394 testimonio
830 2328 950 2395 ductus
978 2326 1153 2416 Aristidis,
1180 2325 1239 2416 qui
1262 2348 1339 2417 pag.
1357 2323 1422 2392 354
1443 2321 1554 2391 verbis

392 2451 436 2548 ού
458 2451 578 2530 λόγους
599 2438 738 2531 ἐμαυτοῦ
761 2454 874 2532 λέγων,
909 2452 990 2520 ἀλλὰ
1010 2452 1179 2535 γράμματα
1200 2457 1266 2519 τῶν
1288 2452 1453 2533 ὑμετέρων
1475 2469 1554 2530 προ-

390 2573 500 2652 γόνων
519 2565 625 2636 utitur
649 2573 848 2655 σεμνότητος
874 2572 1053 2660 exempln,
1085 2572 1267 2663 reprobare
1306 2593 1375 2639 non
1408 2568 1552 2658 dubitat,

285 2691 292 2710 '
391 2713 470 2761 cum
489 2714 529 2760 ex
553 2692 831 2783 praecedentibus
854 2698 958 2776 λέγων
981 2674 1078 2763 facile
1097 2694 1246 2786 suppleri
1269 2694 1386 2785 possit.
1412 2694 1462 2762 At
1490 2717 1553 2784 po-

391 2832 455 2884 test
478 2815 543 2884 hoc
566 2837 635 2889 non
663 2817 801 2906 sdlum‚
835 2818 895 2886 sed
925 2819 1035 2908 debet,
1070 2842 1149 2890 cum
1179 2818 1384 2887 vocabulum
1413 2816 1496 2885 illud
1519 2817 1554 2886 in

390 2961 444 3030 pr.
465 2943 491 3006 Σ
510 2956 541 3008 et
565 2962 618 3030 pr.
644 2939 749 3010 Laur.
771 2963 841 3010 non
858 2943 987 3033 legatur
1006 2959 1170 3012 etorator
1189 2942 1223 3011 in
1245 2945 1359 3034 Pnyce
1380 2959 1473 3010 stans
1492 2963 1552 3009 ne·
1656 2964 1659 2971 ’

392 3076 492 3153 queat
507 3061 616 3130 dicere
633 3085 668 3158 se
687 3068 850 3134 δεικνύναι
864 3069 905 3133 τὰ
926 3069 1094 3151 γράμματα
1116 3069 1156 3135 τὰ
1171 3069 1216 3148 εἰς
1234 3065 1409 3149 ἀκρόπολιν
1427 3088 1553 3134 κατατε-

389 3191 485 3272 Θέντοι
508 3186 673 3275 (Voem.)‚
697 3185 877 3276 dequibus
896 3190 912 3278 ξ
935 3190 978 3257 42
1001 3189 1104 3262 verba
1118 3190 1358 3257 tantummodo
1378 3187 1467 3257 facit.
1491 3188 1553 3256 Al-

390 3325 501 3380 terum
523 3332 605 3379 vero
637 3309 908 3380 additamentum
932 3309 1131 3403 Spengelius
1154 3313 1199 3382 ab
1221 3313 1296 3405 ipso
1325 3312 1553 3381 Demosthene

390 3433 582 3520 proiectum
604 3449 637 3501 et
663 3432 735 3512 sine
760 3433 867 3502 dubio
903 3457 983 3504 curn
1007 3437 1163 3504 secundis
1186 3436 1275 3504 curis
1297 3452 1453 3504 tractaret
1477 3458 1553 3504 ora-

390 3556 517 3624 tionem
543 3555 697 3627 additum
720 3579 793 3625 esse
814 3558 998 3627 contendit.
1019 3551 1119 3647 Quin
1143 3583 1161 3627 e
1181 3559 1352 3628 Dinarcho
1372 3560 1421 3652 (in
1442 3559 1549 3629 Arist.

353 3773 357 3782 .
387 3685 442 3772 25)
465 3684 584 3752 eadem
606 3682 648 3752 de
670 3705 772 3752 causa
790 3685 1006 3755 audientibus
1026 3684 1149 3754 similia
1175 3685 1345 3775 quaedam
1371 3707 1550 3754 commen-

389 3807 490 3876 dante
506 3808 734 3900 colligendum
757 3807 820 3878 sibi
837 3832 908 3878 esse
928 3826 1036 3902 putat,
1063 3809 1189 3878 mirum
1213 3809 1365 3902 prolecto
1384 3809 1552 3878 luisse-fu-

388 3947 528 4016 turum,
554 3931 582 4000 si
616 3933 885 4022 Demosthenes,
920 3932 976 4003 cui
1010 3933 1157 4005 maxime
1181 3951 1268 4004 esset
1290 3935 1481 4027 proprium,
1516 3948 1553 4002 ut

390 4055 617 4124 Athenienses
640 4078 746 4146 quam
778 4057 976 4148 saepissime
1005 4058 1050 4126 ad
1079 4058 1209 4150 optima
1243 4081 1398 4148 quaeque
1425 4059 1549 4126 cohor-

390 4195 529 4270 taretur,
551 4184 615 4250 hoc
649 4183 724 4251 loco
753 4181 788 4251 id
821 4184 1112 4275 praetermisisset.
1145 4184 1253 4272 Quod
1284 4207 1389 4275 quam
1419 4186 1489 4253 leve
1513 4205 1552 4254 ac

390 4304 483 4376 futile
506 4307 548 4375 sit
572 4306 664 4376 haud
684 4306 818 4377 difficile
837 4325 887 4377 est
912 4308 954 4377 ad
979 4309 1253 4401 intellegendum.
1281 4308 1439 4379 Primum
1459 4309 1550 4378 enim

388 4429 452 4498 hoc
477 4431 550 4499 loco
570 4431 732 4503 Dinarchi
756 4435 910 4528 exemplo
934 4432 1018 4502 nihil
1043 4456 1184 4526 prorsus
1218 4433 1394 4527 probatur.
1421 4432 1551 4502 Deinde
