3628 5272
745 371 777 384 .-
795 345 829 402 2'2
850 372 881 384 .-

171 479 173 486 ’
228 461 411 532 tentiarum
434 483 560 533 nexus:
589 461 856 534 Demosthenem
870 461 918 532 ait
937 460 1206 532 Atheniensibus
1226 480 1295 533 non
1317 459 1395 551 qui-

228 585 307 656 dem
339 586 472 656 bonum
508 585 642 656 dedisse
672 585 853 656 consilium
886 627 930 638 -
966 602 1041 656 tum
1069 582 1162 653 enim
1194 581 1279 654 nihil
1316 605 1396 652 eum

229 731 392 800 quaerere
417 709 609 802 oportuisse
637 712 797 796 κελεύετε;
819 713 871 778 καὶ
893 713 952 780 οὐκ
973 711 1147 796 ὀργιεῖσθε;
1171 747 1216 758 -—
1239 707 1297 776 sed
1317 707 1397 777 levi-

228 850 332 904 tatem
368 850 401 904 et
433 833 626 904 socordiam
658 854 727 924 qua
761 831 796 902 in
831 830 961 924 patriae
997 827 1187 924 proditores
1223 847 1397 902 uterentur

228 959 449 1047 exprobrasse
471 974 504 1028 et
528 980 617 1049 quae
637 956 717 1026 inde
735 972 958 1048 sequerentur
972 957 1064 1026 mala
1083 955 1309 1026 barbarorum
1328 956 1406 1026 im:

228 1081 349 1170 primis
363 1081 492 1151 ratione
508 1080 624 1152 hahita
636 1082 690 1166 (τὰ
704 1085 770 1148 τῶν
787 1081 950 1164 Ἑλλήνων
964 1083 1010 1164 ἦν
1026 1089 1072 1170 τῷ
1089 1082 1240 1168 βαρβάρῳ
1255 1083 1396 1168 φοβερά)

228 1223 306 1276 ante
323 1207 445 1276 oculos
468 1205 567 1297 quasi
591 1206 758 1299 posuisse.
789 1205 863 1274 Iam
888 1203 917 1273 si
941 1206 1087 1296 Vulgata
1110 1205 1293 1298 genuinam
1317 1225 1395 1274 ora-

227 1329 311 1399 toris
333 1330 473 1421 praebet
494 1350 650 1413 manum,
679 1328 773 1419 quod
801 1329 874 1398 vult
903 1327 1159 1417 Rehdantzius,
1188 1329 1295 1397 itaut
1327 1328 1395 1397 De-

229 1456 424 1527 mosthenes
447 1453 572 1543 scripto
595 1452 654 1522 illo
686 1452 879 1545 exposuerit
904 1474 1065 1546 magnam
1088 1451 1257 1544 praesenti
1282 1474 1395 1521 rerum

229 1577 429 1648 condicione
455 1581 618 1666 (σπονδὴν
649 1581 773 1661 πολλὴν
795 1581 848 1646 καὶ
871 1577 1004 1661 βουλὴν·
1015 1578 1170 1661 ἀγαθήν),
1197 1575 1344 1666 denique
1369 1576 1397 1642 si

230 1703 295 1773 hoc
318 1701 388 1771 iam
412 1703 485 1772 loco
511 1702 677 1772 derebus
700 1698 855 1792 gerendis
878 1698 954 1768 tulit
978 1699 1205 1789 rogationem:
1245 1699 1303 1791 qui
1324 1699 1396 1769 fieri

230 1843 355 1921 potest,
380 1842 418 1895 ut
440 1828 459 1912 5
476 1827 519 1895 70
542 1825 655 1894 denuo
675 1822 773 1915 quasi
792 1838 932 1913 quaerat
953 1825 983 1891 τί
1003 1825 1171 1907 ποιῶμενῖ
1195 1823 1321 1894 Nonne
1339 1847 1397 1893 ro-

231 1948 403 2042 gationem
439 1971 527 2040 quae
560 1965 610 2017 est
640 1948 724 2032 §70
755 1931 872 2033 iam}
907 1945 950 2012 46
982 1945 1146 2014 contineri
1178 1947 1395 2038 putabimus?

232 2073 370 2144 Etenim
392 2073 488 2142 nullo
510 2072 616 2142 modo
638 2069 777 2140 concedi
800 2084 922 2162 potest,
941 2068 969 2138 si
989 2068 1193 2138 Rehdantzii
1213 2092 1399 2160 sequamur

233 2197 433 2268 sententiam
456 2236 501 2250 -
523 2195 621 2266 mitto
646 2194 811 2264 nimirum
831 2192 1009 2286 opiniones
1028 2193 1100 2268 eius
1124 2193 1166 2262 de
1191 2194 1316 2287 scripto
1340 2195 1398 2266 illo

230 2324 393 2415 prolatas,
418 2363 463 2374 —
485 2321 514 2391 si
536 2320 638 2413 igitur
659 2318 694 2390 in
718 2320 830 2390 media
853 2317 1006 2389 oratione
1036 2319 1300 2389 Demosthenem
1327 2337 1396 2390 sta-

231 2462 370 2516 tuamus
384 2447 478 2517 illam
487 2446 697 2536 rogationem
718 2442 845 2532 tulisse,
866 2458 941 2511 tum
950 2441 1090 2511 demum
1110 2443 1299 2512 orationem
1320 2465 1398 2513 vere

231 2572 426 2665 procedere.
457 2571 551 2642 Nam
582 2567 826 2639 sententiarum
854 2583 972 2636 contra
994 2567 1204 2640 continuatio
1232 2569 1398 2660 Vulgarae

117 2774 122 2780 ¹
231 2695 463 2765 additamento
486 2709 627 2786 prorsus
651 2692 791 2762 tollitur.
821 2691 918 2760 idem
941 2691 1104 2783 sequitur,
1136 2693 1165 2762 si
1188 2693 1231 2763 ad
1265 2711 1400 2764 senten-

232 2819 358 2888 tiarum
389 2817 568 2906 ordinem,
607 2838 711 2909 quem
740 2837 801 2908 per
829 2831 936 2884 totam
970 2816 1159 2886 orationem
1192 2833 1328 2886 secutus
1350 2836 1400 2886 est

232 2943 490 3026 Demosthenes,
515 2941 704 3012 accuratius
727 2937 940 3032 respicimus.
968 2941 1128 3032 Namque
1151 2941 1210 3010 ubi
1234 2943 1253 3026 ξ
1276 2941 1298 3008 4
1321 2958 1396 3012 tan-

232 3087 337 3157 quam
360 3082 601 3156 argumentum
624 3081 656 3134 et
677 3061 877 3155 primariam
904 3061 1104 3133 sententiam
1131 3064 1246 3155 posuit
1269 3061 1324 3132 illa
1348 3071 1400 3134 καὶ

231 3191 293 3272 γὰρ
313 3191 341 3257 εἰ
358 3191 444 3259 πάνυ
459 3192 595 3274 φαύλως
616 3190 656 3258 τὰ
677 3185 833 3270 πράγματ’
850 3188 915 3269 ἔχέι
937 3191 989 3256 καὶ
1007 3189 1112 3257 πολλὰ
1129 3194 1288 3277 προεῖται,
1309 3191 1398 3274 ὅμως

231 3321 335 3402 ἔστιν,
358 3321 416 3388 ἐὰν
438 3321 530 3402 ὑμεῖς
551 3317 591 3384 τὰ
613 3318 731 3384 δέοντα
753 3321 859 3386 ποιεῖν
894 3318 1065 3400 βούλησθε,
1100 3317 1147 3384 ἔτι
1173 3319 1279 3386 πάντα
1300 3324 1399 3389 ταῦτα

233 3441 544 3522 ἐπανορθώσασθαι,
569 3436 819 3508 Demosthenes
841 3435 954 3523 prima
979 3435 1142 3505 orationis
1172 3454 1268 3529 parte
1291 3460 1399 3528 usque

232 3559 277 3630 ad
299 3562 315 3652 ξ
339 3560 381 3630 46
406 3558 557 3651 loquitur
579 3560 620 3629 de
645 3561 737 3630 mala
761 3583 877 3630 rerum
897 3559 1108 3630 Graecarum
1127 3559 1338 3650 condicione,
1365 3563 1399 3632 id

233 3697 283 3751 est
305 3683 348 3752 de
378 3680 522 3752 externis
553 3697 655 3773 atque
686 3682 854 3754 intestinis
884 3705 971 3774 quae
997 3682 1198 3752 immineant
1227 3684 1397 3776 periculis.

234 3806 278 3874 Et
300 3806 345 3877 ab
368 3805 434 3874 illis
457 3827 536 3876 cum
560 3804 696 3875 initium
720 3807 854 3877 dicendi
878 3823 991 3877 sumat
1018 3806 1171 3899 primum
1198 3809 1336 3901 exponit
1365 3832 1400 3878 re

226 3952 311 4000 uera
346 3929 547 4024 Philippum
579 3929 706 4001 bellum
738 3953 853 4024 gerere
886 3931 923 4002 in
961 3907 1396 4026 Atheniensesque),

233 4053 356 4124 deinde
406 4053 442 4142 (ξ
481 4053 599 4140 21-35)
643 4071 789 4146 quantas
830 4055 1022 4126 inimicitias
1076 4056 1131 4126 ille
1187 4055 1399 4128 Graecorum

113 4167 122 4180 .
234 4177 370 4249 adiutus
401 4176 571 4248 discordia
603 4196 635 4247 et
673 4178 805 4250 levitate
837 4179 872 4249 in
918 4203 975 4250 eos
1015 4179 1158 4250 omnino
1203 4181 1397 4252 exercuerit.

234 4302 375 4393 Paragr.
402 4301 445 4370 36
467 4323 550 4372 vero
572 4302 616 4371 ad
642 4301 800 4373 intestina
823 4304 972 4396 pericula
994 4320 1161 4395 tanquam
1184 4322 1400 4376 externorum

233 4447 374 4496 causam
391 4447 577 4496 conversus
595 4448 704 4518 usque
721 4428 766 4498 ad
795 4427 811 4516 ξ
839 4428 881 4498 46
899 4429 1058 4521 aequales
1083 4429 1130 4498 ait
1156 4429 1280 4500 morbo
1302 4431 1400 4522 quasi
