906 1317
466 98 482 101 -
489 91 507 105 ³)
515 97 531 101 .-

221 120 237 138 :d
244 120 300 143 agitur
309 121 330 138 de
339 120 482 144 Atheniensibus,
492 126 536 144 quos
545 122 633 144 quomodo
640 127 659 139 se
668 122 742 139 habeant
750 123 792 143 πρὸς

221 152 226 168 t
237 153 303 168 τοιαῦτα
313 152 339 169 καὶ
349 152 391 172 πρὸς
401 152 451 169 τᾶλλα
460 151 479 174 (11
489 157 504 169 e.
516 152 533 169 iu
542 157 604 175 operas
613 152 717 176 Philippicas
725 156 741 170 et
749 158 791 176 pro-

221 181 276 204 itores)
291 182 414 200 Demosthenes
428 182 544 206 descripturus
557 187 598 200 erat.
614 183 672 201 Etiam
685 184 732 206 quod
744 184 791 201 Voe-

221 213 268 230 telius
280 213 346 236 putavit
361 217 400 236 post
413 213 495 234 ὀργιεῖσθε
507 214 615 231 statuendam
627 220 665 232 esse
677 215 791 235 ἀποσιώπησιν

221 244 295 261 mandam
304 250 334 262 nee
348 249 405 262 tamen
419 245 498 262 lacunam
508 245 571 267 (τοίνυν
581 245 589 268 ξ
598 245 620 262 47
633 251 670 262 esse
681 245 791 267 μεταβατικόν)

221 281 223 292 ;
232 279 316 293 oratorem
326 275 395 293 reticere
405 276 457 293 modo
469 275 584 293 Athenienses
590 281 627 294 esse
634 277 704 298 εὐήθεις,
714 275 732 293 id
741 280 791 298 pror-

221 312 236 323 is
246 306 350 324 reiciendum
359 310 391 324 est.
405 306 456 324 Hanc
469 306 486 324 in
503 306 605 324 seutentiam
619 306 666 324 idem
677 306 728 328 cadit,
745 306 791 329 quod

221 343 258 361 ipre
275 337 309 355 iam
324 338 346 355 de
361 337 446 360 Spengelii
461 337 580 355 emendatione
595 347 615 351 —
632 337 733 361 interposuit
745 337 791 355 enirn

221 369 259 386 erba
269 369 314 390 εἴπαις
327 370 401 386 κελεύετε
410 369 441 386 rel.-
449 372 488 386 ante
497 370 533 386 ἴστε
544 370 591 387 αὐτοί
599 368 692 386 -dictum
702 372 733 386 est.
745 368 791 385 Vne-

221 399 252 417 1elii
262 399 313 422 igitur
322 399 395 417 rationes
405 405 440 417 nou
452 400 494 417 tales
504 403 550 422 sunt,
563 399 626 422 quibus
635 403 690 417 textus
700 398 792 422 recognitio

221 430 275 454 >ipso
289 431 321 448 hoc
335 430 373 448 loco
388 430 432 448 sacta
447 430 554 448 defendatur.
566 431 623 448 Multo
632 436 673 448 vero
685 429 791 448 constantius

221 466 277 485 gerunt
289 462 355 485 priores
369 462 489 479 Demosthenis
501 462 580 479 editores.
594 462 662 479 Etenim
673 461 708 479 iarn
722 461 792 479 Reiskio

221 493 234 510 ic
241 493 300 510 titulus
310 487 399 510 offensioni
409 497 451 516 erat,
462 493 551 511 Dobraeus
558 499 598 511 eum
605 493 672 511 delevit.
684 492 745 515 Quem
754 492 792 515 qui-

221 529 273 547 inque
290 524 372 547 vulgatae
388 524 502 547 patrocinium
521 528 641 547 susceperunt,
663 524 680 542 in
697 523 723 541 hia
740 523 792 542 etiam
806 531 808 535 ·

221 554 312 577 indorfius,
330 558 374 572 recte
387 559 427 572 sunt
443 555 502 573 secuti.
513 555 594 578 Namque
603 555 705 573 testimoniis
714 555 762 572 siunt
772 560 792 572 ex

221 586 316 603 {storiarum
334 586 417 603 memoria
430 586 486 609 petitis
502 586 572 609 probari
589 592 624 604 non
640 592 691 609 posse
706 586 796 603 oratorem'

223 617 280 639 iquem
293 622 369 639 quorum
382 621 441 634 auctor
454 617 518 640 populo
531 617 566 635 fieri
582 618 637 639 vellet,
652 622 671 634 ea
685 622 720 634 non
734 617 791 639 ipsum

221 653 235 665 ·e
244 653 276 665 suo
286 648 379 665 inculcasse
388 648 418 665 sed
427 648 448 665 de
458 648 521 671 scripto
532 648 618 666 recitanda
627 648 693 666 scribae
702 647 791 665 tradidisse

221 685 229 696 ’.
241 679 331 697 Reiskium
345 683 361 696 et
375 679 470 697 Frankium
482 679 504 697 ad
518 679 536 697 h,
547 680 574 701 1,).
588 679 622 698 Sed
636 679 695 697 titulus
708 679 736 697 ille
745 679 791 696 unde

221 715 253 727 *tus
270 710 292 728 sit
305 716 367 734 parurn
386 710 461 728 interest.
479 711 528 728 Nihil
544 716 615 734 prorsus
631 710 682 728 refert
698 714 756 728 utrum
771 716 791 728 ex

224 741 274 758 holiis
283 741 375 765 irrepserit,
389 742 435 764 quod
445 742 481 759 vult
492 742 597 763 Voemelius,
609 747 632 759 an
643 745 717 759 attentus
729 741 791 764 aliquis

222 776 258 789 ctor
271 778 311 789 eum
328 773 346 789 in
362 776 407 790 textu
423 773 505 795 posuerit,
523 772 619 790 dummodo
635 772 682 795 quod
694 776 759 790 rectum
766 776 791 790 est

221 803 273 821 idicet.
286 803 341 825 Quod
351 804 400 826 quale
410 803 431 821 sit
439 804 479 821 satis
491 804 589 827 exposuisse
599 803 641 821 mihi
652 803 716 821 videor.
731 803 791 826 Itaque

221 835 252 852 :od
261 834 335 852 Weilius
347 834 365 852 in
375 835 482 852 Drewesium
494 834 567 852 coniecit
580 835 655 856 crimen,
672 840 712 852 eun-1
726 834 790 852 Reiskii

230 865 314 883 Dindorfii
330 865 447 883 adnotationes
457 870 492 883 non
505 865 598 887 refutasse,
614 865 656 888 quin
666 871 687 883 ne
698 865 790 889 respexisse

221 896 281 918 sidem,
291 896 375 914 iniustum
383 896 425 914 mihi
432 902 469 914 esse
476 896 542 914 videtur
551 902 571 914 ea
580 897 601 914 de
610 902 668 918 causa,
679 896 726 919 quod
735 902 791 919 neque

222 927 285 944 eisltius
296 933 351 950 neque
363 927 462 945 Dindorfius
473 933 514 945 cum
525 927 584 945 animo
596 927 690 945 informare
702 933 737 945 non
748 932 789 950 pos—

221 962 244 980 nt,
255 958 285 981 qui
294 958 358 975 factum
367 958 390 980 sit
405 962 424 975 ut
433 958 557 976 Demosthenes
572 964 607 976 non
624 958 660 981 ipsa
673 958 749 975 oratione
760 957 790 975 sed

221 989 312 1006 ›cumentis
321 989 400 1012 publicis,
413 995 457 1012 quae
466 989 512 1007 unde
524 989 617 1013 sumpserit
629 995 664 1007 non
677 989 788 1012 intellegatur,

222 1020 269 1042 iquid
279 1020 311 1037 hoc
324 1020 361 1037 loco
373 1020 477 1043 probaverit,
488 1021 510 1038 ad
519 1020 576 1044 ipsam
585 1020 617 1038 loci
629 1020 745 1038 difficultatem
754 1020 789 1037 sul-

221 1051 277 1068 =ndam
287 1061 309 1064 -
320 1051 333 1068 it
342 1051 389 1074 quod
403 1051 443 1069 facit
457 1052 554 1069 Drewoeius
565 1061 584 1065 —
599 1051 671 1069 afferunt
687 1051 788 1074 quidquam.

224 1087 242 1099 ec
251 1087 303 1105 porro
314 1082 384 1099 serenda
394 1086 425 1104 est,
437 1086 457 1099 ut
468 1088 519 1105 supra
531 1082 565 1100 iarn
575 1081 616 1104 dixi,
630 1081 691 1099 Weilii
700 1082 788 1103 sententia,

221 1112 235 1130 xi
251 1112 384 1130 Demosthenem
400 1113 481 1136 opinatur
496 1117 528 1131 aut·
541 1113 622 1131 hocloco
634 1113 728 1131 orationem
740 1117 790 1130 suam
