3628 5272
814 403 934 460 -7..

290 527 405 594 ἐκεῖνα.
430 526 495 610 [καὶ
517 531 614 594 τοῦτο
652 525 688 591 ἐκ
726 525 862 608 βραχέος
878 525 977 602 λόγου
1006 525 1120 610 ῥᾴδιον
1148 529 1269 610 δεῖξαι]
1289 522 1453 592 Ὄλυνθον

291 651 347 729 μὲν
370 650 481 728 δήκαὶ
515 649 677 729 Μεθώνην
758 649 802 714 ἐῶ
830 668 857 711 κ.
882 667 908 712 τ.
931 652 959 716 λ.
989 646 1113 716 Verbis
1148 645 1212 717 illis
1244 667 1332 737 quae
1358 644 1455 714 uncis

290 769 411 840 inclusi
433 769 632 862 Spengelius
655 791 734 839 cum
757 770 792 838 in
816 768 991 858 sequentia
1014 769 1043 838 ei
1068 770 1237 860 quadrare
1259 787 1336 861 apte
1360 769 1454 838 vide-

291 912 409 985 antur,
448 895 545 964 facile
578 910 693 963 tamen
724 909 820 985 putat
848 917 949 984 posse
976 893 1095 984 careri,
1130 893 1330 987 praesertim
1362 894 1455 984 quod

292 1026 349 1106 μὲν
371 1024 411 1102 δὴ
435 1042 496 1108 per
518 1021 635 1090 seiam
649 1020 832 1088 transitum
848 1019 983 1088 indicet.
1005 1017 1232 1110 Quamquam
1252 1021 1324 1088 vult
1342 1020 1455 1089 locum

291 1145 335 1214 ab
360 1160 493 1213 oratore
516 1166 603 1232 opus
628 1167 729 1212 suum
754 1159 952 1212 retractante
976 1165 1048 1213 esse
1080 1143 1248 1214 additum.
1285 1143 1334 1213 At
1368 1166 1454 1234 qua·
1551 1167 1555 1178 ’

291 1291 373 1339 nam
396 1267 592 1358 quaerimus
616 1267 657 1336 de
681 1289 784 1337 causa
810 1268 874 1337 hoc
898 1267 971 1335 loco
997 1265 1197 1359 Spengelius
1222 1284 1352 1356 veteres
1374 1268 1454 1336 rhe-

291 1409 381 1462 tores
411 1416 480 1462 non
509 1393 722 1478 adhibuerit,
757 1415 837 1462 cum
869 1391 1220 1460 eorum'testimonia
1258 1393 1342 1461 tanti
1373 1392 1456 1461 alias

291 1518 456 1605 aestimet,
482 1532 520 1584 ut
545 1515 580 1584 in
604 1514 619 1603 §
643 1517 685 1584 66
707 1537 817 1584 unum
842 1531 976 1583 secutus
1002 1515 1191 1583 Aristidem
1218 1515 1457 1584 Demosthenis

289 1658 419 1732 textum
447 1663 511 1709 suo
538 1639 678 1708 arbitrio
706 1639 880 1708 restituere
904 1662 973 1707 non
998 1638 1139 1708 dubitet.
1165 1625 1342 1710 Saniorem
1377 1663 1457 1730 pro-

289 1764 377 1834 fecto
400 1766 464 1834 hoc
488 1766 562 1833 loco
587 1762 703 1832 inisset
726 1763 904 1833 rationem.
932 1762 1167 1853 Hermogenes
1183 1761 1272 1830 enim
1289 1764 1366 1850 (W.
1387 1763 1454 1852 ΙΙΙ,

292 1891 384 1979 335),
399 1890 569 1981 Iosephus
595 1887 772 1957 Rhacend.
796 1887 878 1976 (ΙΙΙ,
895 1887 971 1975 507)
988 1902 1020 1954 et
1035 1885 1264 1977 Hermogenis
1279 1885 1458 1955 scholiasta

292 2034 485 2104 anonymus
508 2011 624 2098 (VIII,
651 2009 727 2099 657)
751 2012 767 2100 ξ
790 2015 831 2082 26
854 2026 998 2078 utuntur
1021 2009 1268 2100 praeteritionis
1288 2009 1454 2098 exemplo'.

179 2204 183 2209 .
295 2138 404 2227 Quod
428 2137 523 2206 nullo
547 2135 650 2204 modo
674 2135 746 2203 fieri
772 2134 894 2226 potuit,
921 2135 947 2202 si
982 2134 1228 2202 Demosthenes
1252 2136 1356 2225 paulo
1381 2126 1475 2206 ante

160 2261 162 2268 ’
292 2262 440 2350 dixisset,
453 2282 571 2354 serem
591 2258 682 2329 brevi
703 2259 1028 2328 demonstraturum.
1045 2258 1164 2348 Itaque
1187 2257 1258 2326 veri
1278 2258 1387 2328 simile
1409 2277 1459 2330 est

293 2410 350 2457 eos
369 2385 638 2456 additamentum
665 2383 748 2452 illud
771 2405 841 2452 non
865 2381 993 2472 legisse.
1022 2381 1165 2471 lamque
1183 2398 1262 2474 post
1275 2385 1458 2453 transitum

293 2514 343 2579 tal
360 2516 458 2578 rostro
475 2512 509 2577 ἐκ
529 2511 666 2594 βραχέος
746 2507 830 2576 alter
853 2509 925 2592 (μὲν
951 2506 1006 2591 δὴ)
1030 2527 1176 2609 sequens
1200 2528 1342 2593 prorsus
1371 2521 1459 2578 esset

295 2630 420 2716 inanis,
448 2631 618 2723 imprimis
636 2653 716 2700 cum
737 2643 924 2719 sequantur
939 2635 983 2700 ἐῶ
1067 2636 1194 2700 σιωπῶ.
1212 2629 1327 2699 Etiam
1347 2635 1460 2720 ῥᾴδιον

294 2759 393 2827 εἰπεῖν
415 2772 494 2847 post
517 2757 630 2842 ῥᾴδιον
654 2759 755 2824 δεῖξαι
774 2776 843 2821 non
867 2752 953 2822 bene
977 2768 1064 2822 esset
1088 2752 1281 2844 repetitum.
1309 2753 1376 2822 His
1396 2753 1457 2844 igi-

293 2897 348 2950 tur
379 2881 421 2948 de
450 2879 579 2966 caush,
610 2901 696 2969 quas
727 2903 829 2970 spero
865 2879 1034 2971 digniores
1067 2904 1140 2950 esse
1170 2881 1302 2950 futuras
1335 2882 1459 2972 quibus

293 3005 375 3075 fides
398 3005 563 3074 habeatur
582 3025 686 3094 quam
709 3005 878 3074 Benseleri
898 3005 1010 3075 verbis
1036 3006 1078 3075 de
1093 3022 1211 3076 nostro
1226 3008 1300 3076 loco
1320 3023 1351 3074 et
1371 3006 1404 3097 §§
1418 3007 1460 3074 37

293 3147 325 3198 et
346 3130 388 3198 39
408 3131 455 3220 (v.
481 3133 599 3214 supra)
624 3127 696 3195 sine
720 3146 922 3220 argumento
943 3153 981 3198 ac
1008 3130 1137 3198 ratione
1156 3129 1293 3222 positis:
1316 3121 1338 3192 α’
1356 3129 1460 3217 Quae

293 3255 375 3346 quin
401 3254 545 3322 maxime
570 3250 691 3319 idonea
714 3251 781 3319 sint
804 3269 835 3320 et
858 3253 975 3320 ceteris
998 3252 1201 3321 conveniant
1224 3251 1458 3341 orationisque

295 3379 492 3470 gravitatem
528 3390 683 3465 augeant,
725 3398 793 3443 non
817 3392 928 3466 potest
950 3371 1097 3444 dubitari
1124 3405 1139 3440 ν
1164 3377 1283 3466 (Bens.
1304 3375 1345 3442 de
1363 3374 1459 3444 hiatu

295 3503 329 3572 in
358 3504 456 3572 Dem.
480 3489 565 3568 orat.
584 3521 618 3589 p.
631 3497 700 3587 28),
728 3515 761 3567 et
787 3501 867 3589 quia
887 3499 980 3569 deest
1002 3497 1167 3568 sententia
1190 3499 1224 3569 in
1244 3523 1297 3591 pr.
1315 3505 1386 3568 Xet
1404 3522 1455 3590 pr.

297 3621 416 3716 Laut„
444 3625 596 3716 sequitur
619 3645 695 3691 eam
715 3646 733 3691 e
751 3640 848 3692 textu
865 3647 938 3693 esse
962 3622 1161 3692 eiciendam.

383 3754 415 3821 2.
444 3747 519 3842 (Sp.
542 3771 577 3838 p.
601 3749 674 3834 187)
698 3751 714 3830 ἓ
736 3749 818 3816 54.ὁ
841 3750 883 3832 μὰ
902 3752 959 3817 τὸν
983 3749 1048 3814 Δία
1063 3752 1114 3816 καὶ
1129 3751 1206 3826 τοὺς
1225 3748 1345 3830 ἄλλους
1364 3752 1461 3831 θεοὺς

297 3880 336 3946 οὐ
359 3879 502 3944 δύνασθε
524 3875 615 3954 ὑμεῖς
629 3873 762 3950 ποιῆσαι
776 3874 865 3950 [οὐδὲ
882 3875 1057 3956 βούλεσθεΙ,
1074 3871 1142 3941 ἀλλ’
1156 3872 1201 3954 εἰς
1219 3879 1315 3941 τοῦτο
1344 3872 1462 3954 ἀφῖχθε
1561 3897 1563 3900 ·

298 3999 419 4080 μωρίας
441 4019 468 4063 κ,
490 4019 517 4062 τ.
540 4000 567 4063 l.
595 3992 705 4080 Quod
729 3993 999 4092 additamentum
1023 4010 1119 4086 putat
1144 3992 1351 4084 Spengelius
1384 3973 1469 4060 vere*

298 4140 369 4185 esse
393 4115 709 4184 Demosthenicum.
738 4115 861 4203 Quam
887 4116 932 4185 ob
958 4139 1043 4205 rem,
1070 4115 1202 4187 difficile
1221 4133 1271 4185 est
1294 4116 1338 4186 ad
1362 4107 1461 4184 intel-

298 4238 490 4330 legendum.
519 4239 571 4307 llli
595 4239 699 4322 enim,
725 4237 752 4306 si
776 4261 856 4308 cum
878 4241 979 4332 Vulg.
1007 4239 1084 4332 legit
1106 4244 1248 4308 δύνασθε
1268 4262 1329 4309 nec
1348 4238 1462 4330 potius

299 4363 391 4452 quod
410 4366 436 4429 Σ
458 4379 489 4430 et
523 4364 628 4431 Laur.
660 4361 824 4452 praebent
846 4368 1038 4448 δυνήσεσθε,
1062 4363 1164 4432 verba
1196 4365 1274 4432 οὐδὲ
1304 4367 1464 4452 βούλεσθε

298 4485 462 4576 nimirum
486 4485 707 4556 offensionem
729 4508 747 4554 e
771 4485 904 4576 linguae
928 4484 1078 4555 Graecae
1103 4486 1232 4577 legibus
1264 4500 1462 4554 manantem
