<?xml version="1.0" encoding="UTF-8"?>
<!DOCTYPE html PUBLIC "-//W3C//DTD XHTML 1.0 Transitional//EN"
    "http://www.w3.org/TR/xhtml1/DTD/xhtml1-transitional.dtd">
<html xmlns="http://www.w3.org/1999/xhtml" xml:lang="en" lang="en">
 <head>
  <title>
</title>
<meta http-equiv="Content-Type" content="text/html;charset=utf-8" />
  <meta name='ocr-system' content='tesseract 3.04.00' />
  <meta name='ocr-capabilities' content='ocr_page ocr_carea ocr_par ocr_line ocrx_word'/>
</head>
<body>
  <div class='ocr_page' id='page_1' title='image "./quastiocriticad00draegoog_0011.png"; bbox 0 0 3628 5272; ppageno 0'>
   <div class='ocr_carea' id='block_1_1' title="bbox 888 288 1007 343">
    <p class='ocr_par' dir='ltr' id='par_1_1' title="bbox 888 288 1007 343">
     <span class='ocr_line' id='line_1_1' title="bbox 888 288 1007 343; baseline 0 -9"><span class='ocrx_word' id='word_1_1' title='bbox 888 288 1007 343; x_wconf 73' lang='lat'><strong>...2-</strong></span> 
     </span>
    </p>
   </div>
   <div class='ocr_carea' id='block_1_2' title="bbox 168 381 1527 504">
    <p class='ocr_par' dir='ltr' id='par_1_2' title="bbox 168 381 1527 504">
     <span class='ocr_line' id='line_1_2' title="bbox 168 381 1527 504; baseline -0.001 -21"><span class='ocrx_word' id='word_1_2' title='bbox 168 397 174 406; x_wconf 46' lang='lat'>¹</span> <span class='ocrx_word' id='word_1_3' title='bbox 249 389 258 402; x_wconf 86' lang='lat'><strong>.</strong></span> <span class='ocrx_word' id='word_1_4' title='bbox 288 385 319 400; x_wconf 40' lang='grc' dir='ltr'>Η</span> <span class='ocrx_word' id='word_1_5' title='bbox 363 381 481 484; x_wconf 80' lang='lat' dir='ltr'><strong>munia</strong></span> <span class='ocrx_word' id='word_1_6' title='bbox 503 391 673 504; x_wconf 77' lang='lat' dir='ltr'>quaedam</span> <span class='ocrx_word' id='word_1_7' title='bbox 691 410 771 479; x_wconf 90' lang='lat' dir='ltr'><strong>vitia</strong></span> <span class='ocrx_word' id='word_1_8' title='bbox 790 425 892 499; x_wconf 90' lang='lat' dir='ltr'><strong>atque</strong></span> <span class='ocrx_word' id='word_1_9' title='bbox 911 425 1034 495; x_wconf 83' lang='lat' dir='ltr'><strong>errata,</strong></span> <span class='ocrx_word' id='word_1_10' title='bbox 1054 395 1129 478; x_wconf 92' lang='lat' dir='ltr'><strong>tum</strong></span> <span class='ocrx_word' id='word_1_11' title='bbox 1158 409 1268 479; x_wconf 89' lang='lat' dir='ltr'><strong>varias</strong></span> <span class='ocrx_word' id='word_1_12' title='bbox 1288 412 1456 500; x_wconf 91' lang='lat' dir='ltr'><strong>quasdam</strong></span> <span class='ocrx_word' id='word_1_13' title='bbox 1480 414 1527 481; x_wconf 89' lang='lat' dir='ltr'><strong>le-</strong></span> 
     </span>
    </p>
   </div>
   <div class='ocr_carea' id='block_1_3' title="bbox 340 533 1583 3236">
    <p class='ocr_par' dir='ltr' id='par_1_3' title="bbox 340 533 1583 3236">
     <span class='ocr_line' id='line_1_3' title="bbox 360 533 1528 627; baseline 0 -21"><span class='ocrx_word' id='word_1_14' title='bbox 360 537 512 625; x_wconf 44' lang='lat' dir='ltr'><strong>ctiones)</strong></span> <span class='ocrx_word' id='word_1_15' title='bbox 527 558 615 627; x_wconf 93' lang='lat' dir='ltr'><strong>quae</strong></span> <span class='ocrx_word' id='word_1_16' title='bbox 644 557 751 625; x_wconf 92' lang='lat' dir='ltr'><strong>usque</strong></span> <span class='ocrx_word' id='word_1_17' title='bbox 776 557 915 624; x_wconf 90' lang='lat' dir='ltr'><strong>quaque</strong></span> <span class='ocrx_word' id='word_1_18' title='bbox 938 533 1012 624; x_wconf 89' lang='lat' dir='ltr'><strong>pari</strong></span> <span class='ocrx_word' id='word_1_19' title='bbox 1039 535 1142 603; x_wconf 91' lang='lat' dir='ltr'><strong>modo</strong></span> <span class='ocrx_word' id='word_1_20' title='bbox 1167 533 1394 606; x_wconf 81' lang='lat' dir='ltr'><strong>inveniantur.</strong></span> <span class='ocrx_word' id='word_1_21' title='bbox 1424 536 1528 624; x_wconf 87' lang='lat' dir='ltr'><strong>Quae</strong></span> 
     </span>
     <span class='ocr_line' id='line_1_4' title="bbox 362 657 1527 750; baseline -0.002 -18"><span class='ocrx_word' id='word_1_22' title='bbox 362 663 390 732; x_wconf 88' lang='lat' dir='ltr'><strong>si</strong></span> <span class='ocrx_word' id='word_1_23' title='bbox 409 664 453 732; x_wconf 89' lang='lat' dir='ltr'><strong>ad</strong></span> <span class='ocrx_word' id='word_1_24' title='bbox 476 663 551 732; x_wconf 93' lang='lat' dir='ltr'><strong>cod.</strong></span> <span class='ocrx_word' id='word_1_25' title='bbox 573 669 603 732; x_wconf 99' lang='grc' dir='ltr'><strong>ΣΙ</strong></span> <span class='ocrx_word' id='word_1_26' title='bbox 625 678 657 731; x_wconf 93' lang='lat' dir='ltr'><strong>et</strong></span> <span class='ocrx_word' id='word_1_27' title='bbox 685 660 778 730; x_wconf 90' lang='lat' dir='ltr'><strong>illam</strong></span> <span class='ocrx_word' id='word_1_28' title='bbox 806 683 893 750; x_wconf 91' lang='lat' dir='ltr'><strong>quae</strong></span> <span class='ocrx_word' id='word_1_29' title='bbox 922 657 951 726; x_wconf 93' lang='lat' dir='ltr'><strong>ei</strong></span> <span class='ocrx_word' id='word_1_30' title='bbox 984 681 1064 728; x_wconf 89' lang='lat' dir='ltr'><strong>cum</strong></span> <span class='ocrx_word' id='word_1_31' title='bbox 1089 660 1206 728; x_wconf 89' lang='lat' dir='ltr'><strong>ceteris</strong></span> <span class='ocrx_word' id='word_1_32' title='bbox 1229 678 1279 730; x_wconf 89' lang='lat' dir='ltr'><strong>est</strong></span> <span class='ocrx_word' id='word_1_33' title='bbox 1303 660 1402 748; x_wconf 48' lang='lat' dir='ltr'><strong>¹libris</strong></span> <span class='ocrx_word' id='word_1_34' title='bbox 1422 684 1527 730; x_wconf 89' lang='lat' dir='ltr'><strong>manu</strong></span> 
     </span>
     <span class='ocr_line' id='line_1_5' title="bbox 361 782 1527 878; baseline -0.002 -24"><span class='ocrx_word' id='word_1_35' title='bbox 361 786 492 878; x_wconf 89' lang='lat' dir='ltr'><strong>scriptis</strong></span> <span class='ocrx_word' id='word_1_36' title='bbox 512 786 704 854; x_wconf 86' lang='lat' dir='ltr'><strong>referuntur</strong></span> <span class='ocrx_word' id='word_1_37' title='bbox 722 783 902 870; x_wconf 83' lang='lat' dir='ltr'><strong>rationem,</strong></span> <span class='ocrx_word' id='word_1_38' title='bbox 919 782 1123 873; x_wconf 90' lang='lat' dir='ltr'><strong>colliguntur</strong></span> <span class='ocrx_word' id='word_1_39' title='bbox 1142 783 1241 852; x_wconf 89' lang='lat' dir='ltr'><strong>haec:</strong></span> <span class='ocrx_word' id='word_1_40' title='bbox 1260 784 1419 853; x_wconf 91' lang='lat' dir='ltr'><strong>Primum</strong></span> <span class='ocrx_word' id='word_1_41' title='bbox 1434 785 1527 875; x_wconf 90' lang='lat' dir='ltr'><strong>quod</strong></span> 
     </span>
     <span class='ocr_line' id='line_1_6' title="bbox 364 907 1580 998; baseline 0 -19"><span class='ocrx_word' id='word_1_42' title='bbox 364 933 472 979; x_wconf 89' lang='lat' dir='ltr'><strong>unum</strong></span> <span class='ocrx_word' id='word_1_43' title='bbox 500 909 619 980; x_wconf 88' lang='lat' dir='ltr'><strong>attinet</strong></span> <span class='ocrx_word' id='word_1_44' title='bbox 645 907 840 978; x_wconf 89' lang='lat' dir='ltr'><strong>orationum</strong></span> <span class='ocrx_word' id='word_1_45' title='bbox 859 927 1044 975; x_wconf 90' lang='lat' dir='ltr'><strong>numerum</strong></span> <span class='ocrx_word' id='word_1_46' title='bbox 1067 907 1393 998; x_wconf 89' lang='lat' dir='ltr'><strong>collocationemque</strong></span> <span class='ocrx_word' id='word_1_47' title='bbox 1423 909 1528 979; x_wconf 92' lang='lat' dir='ltr'><strong>artior</strong></span> <span class='ocrx_word' id='word_1_48' title='bbox 1576 977 1580 987; x_wconf 81' lang='grc'><strong>,</strong></span> 
     </span>
     <span class='ocr_line' id='line_1_7' title="bbox 361 1032 1526 1125; baseline 0.001 -21"><span class='ocrx_word' id='word_1_49' title='bbox 361 1037 532 1125; x_wconf 85' lang='lat' dir='ltr'><strong>quaedam</strong></span> <span class='ocrx_word' id='word_1_50' title='bbox 552 1034 730 1113; x_wconf 87' lang='lat' dir='ltr'><strong>statuenda</strong></span> <span class='ocrx_word' id='word_1_51' title='bbox 750 1050 799 1101; x_wconf 93' lang='lat' dir='ltr'><strong>est</strong></span> <span class='ocrx_word' id='word_1_52' title='bbox 821 1032 977 1123; x_wconf 83' lang='lat' dir='ltr'><strong>cognatio</strong></span> <span class='ocrx_word' id='word_1_53' title='bbox 1001 1049 1032 1100; x_wconf 88' lang='lat' dir='ltr'><strong>et</strong></span> <span class='ocrx_word' id='word_1_54' title='bbox 1062 1032 1149 1101; x_wconf 89' lang='lat' dir='ltr'><strong>inter</strong></span> <span class='ocrx_word' id='word_1_55' title='bbox 1168 1034 1245 1102; x_wconf 89' lang='lat' dir='ltr'><strong>cod.</strong></span> <span class='ocrx_word' id='word_1_56' title='bbox 1268 1038 1293 1101; x_wconf 91' lang='grc' dir='ltr'>Σ</span> <span class='ocrx_word' id='word_1_57' title='bbox 1312 1051 1344 1102; x_wconf 91' lang='lat' dir='ltr'><strong>et</strong></span> <span class='ocrx_word' id='word_1_58' title='bbox 1363 1035 1450 1104; x_wconf 86' lang='lat' dir='ltr'><strong>inter</strong></span> <span class='ocrx_word' id='word_1_59' title='bbox 1468 1059 1526 1105; x_wconf 91' lang='lat' dir='ltr'><strong>co-</strong></span> 
     </span>
     <span class='ocr_line' id='line_1_8' title="bbox 363 1156 1526 1248; baseline 0.002 -22"><span class='ocrx_word' id='word_1_60' title='bbox 363 1158 452 1228; x_wconf 86' lang='lat' dir='ltr'><strong>dices</strong></span> <span class='ocrx_word' id='word_1_61' title='bbox 470 1181 497 1246; x_wconf 85' lang='lat' dir='ltr'><strong>r,</strong></span> <span class='ocrx_word' id='word_1_62' title='bbox 518 1163 559 1245; x_wconf 83' lang='grc' dir='ltr'><strong>Υ,</strong></span> <span class='ocrx_word' id='word_1_63' title='bbox 578 1160 624 1246; x_wconf 82' lang='grc' dir='ltr'><strong>Α,</strong></span> <span class='ocrx_word' id='word_1_64' title='bbox 646 1159 690 1228; x_wconf 90' lang='lat' dir='ltr'><strong>U.</strong></span> <span class='ocrx_word' id='word_1_65' title='bbox 714 1157 833 1246; x_wconf 83' lang='lat' dir='ltr'><strong>Atque</strong></span> <span class='ocrx_word' id='word_1_66' title='bbox 852 1156 916 1224; x_wconf 94' lang='lat' dir='ltr'><strong>hoc</strong></span> <span class='ocrx_word' id='word_1_67' title='bbox 936 1156 1156 1225; x_wconf 87' lang='lat' dir='ltr'><strong>confirmatur</strong></span> <span class='ocrx_word' id='word_1_68' title='bbox 1175 1179 1226 1246; x_wconf 82' lang='lat' dir='ltr'><strong>eo,</strong></span> <span class='ocrx_word' id='word_1_69' title='bbox 1245 1159 1339 1248; x_wconf 93' lang='lat' dir='ltr'><strong>quod</strong></span> <span class='ocrx_word' id='word_1_70' title='bbox 1357 1159 1433 1228; x_wconf 93' lang='lat' dir='ltr'><strong>cod.</strong></span> <span class='ocrx_word' id='word_1_71' title='bbox 1453 1159 1526 1228; x_wconf 76' lang='lat' dir='ltr'><strong>Xin</strong></span> 
     </span>
     <span class='ocr_line' id='line_1_9' title="bbox 362 1279 1524 1373; baseline 0 -23"><span class='ocrx_word' id='word_1_72' title='bbox 362 1281 572 1353; x_wconf 89' lang='lat' dir='ltr'><strong>orationibus</strong></span> <span class='ocrx_word' id='word_1_73' title='bbox 604 1281 699 1350; x_wconf 84' lang='lat'>19-59</span> <span class='ocrx_word' id='word_1_74' title='bbox 734 1279 863 1349; x_wconf 89' lang='lat' dir='ltr'><strong>eisdem</strong></span> <span class='ocrx_word' id='word_1_75' title='bbox 900 1279 996 1348; x_wconf 88' lang='lat' dir='ltr'><strong>miris</strong></span> <span class='ocrx_word' id='word_1_76' title='bbox 1022 1297 1124 1350; x_wconf 89' lang='lat' dir='ltr'><strong>scatet</strong></span> <span class='ocrx_word' id='word_1_77' title='bbox 1156 1282 1273 1350; x_wconf 88' lang='lat' dir='ltr'><strong>erratis</strong></span> <span class='ocrx_word' id='word_1_78' title='bbox 1300 1299 1401 1373; x_wconf 89' lang='lat' dir='ltr'><strong>atque</strong></span> <span class='ocrx_word' id='word_1_79' title='bbox 1424 1282 1524 1372; x_wconf 82' lang='lat' dir='ltr'><strong>vitiis,</strong></span> 
     </span>
     <span class='ocr_line' id='line_1_10' title="bbox 362 1402 1543 1502; baseline 0.001 -29"><span class='ocrx_word' id='word_1_80' title='bbox 362 1405 487 1496; x_wconf 90' lang='lat' dir='ltr'><strong>quibus</strong></span> <span class='ocrx_word' id='word_1_81' title='bbox 518 1405 675 1474; x_wconf 89' lang='lat' dir='ltr'><strong>codicum</strong></span> <span class='ocrx_word' id='word_1_82' title='bbox 697 1402 873 1492; x_wconf 84' lang='lat' dir='ltr'><strong>familiar,</strong></span> <span class='ocrx_word' id='word_1_83' title='bbox 897 1406 944 1492; x_wconf 90' lang='lat' dir='ltr'><strong>A,</strong></span> <span class='ocrx_word' id='word_1_84' title='bbox 965 1405 994 1471; x_wconf 95' lang='grc' dir='ltr'><strong>Υ</strong></span> <span class='ocrx_word' id='word_1_85' title='bbox 1018 1403 1196 1502; x_wconf 90' lang='lat' dir='ltr'><strong>inquinata</strong></span> <span class='ocrx_word' id='word_1_86' title='bbox 1229 1422 1290 1494; x_wconf 84' lang='lat' dir='ltr'><strong>est,</strong></span> <span class='ocrx_word' id='word_1_87' title='bbox 1318 1428 1379 1476; x_wconf 90' lang='lat' dir='ltr'><strong>nec</strong></span> <span class='ocrx_word' id='word_1_88' title='bbox 1410 1423 1543 1476; x_wconf 57' lang='lat' dir='ltr'><strong>tamen*</strong></span> 
     </span>
     <span class='ocr_line' id='line_1_11' title="bbox 362 1528 1526 1624; baseline 0 -27"><span class='ocrx_word' id='word_1_89' title='bbox 362 1530 431 1598; x_wconf 91' lang='lat' dir='ltr'><strong>ullo</strong></span> <span class='ocrx_word' id='word_1_90' title='bbox 458 1531 561 1598; x_wconf 89' lang='lat' dir='ltr'><strong>modo</strong></span> <span class='ocrx_word' id='word_1_91' title='bbox 580 1529 685 1598; x_wconf 87' lang='lat' dir='ltr'><strong>libros</strong></span> <span class='ocrx_word' id='word_1_92' title='bbox 711 1551 815 1598; x_wconf 89' lang='lat' dir='ltr'><strong>manu</strong></span> <span class='ocrx_word' id='word_1_93' title='bbox 841 1528 983 1616; x_wconf 87' lang='lat' dir='ltr'><strong>scriptos</strong></span> <span class='ocrx_word' id='word_1_94' title='bbox 1003 1529 1046 1597; x_wconf 92' lang='lat' dir='ltr'><strong>ad</strong></span> <span class='ocrx_word' id='word_1_95' title='bbox 1075 1529 1243 1598; x_wconf 87' lang='lat' dir='ltr'><strong>familiam</strong></span> <span class='ocrx_word' id='word_1_96' title='bbox 1270 1531 1298 1598; x_wconf 89' lang='lat' dir='ltr'>F</span> <span class='ocrx_word' id='word_1_97' title='bbox 1321 1530 1526 1624; x_wconf 78' lang='lat' dir='ltr'><strong>pertinentes</strong></span> 
     </span>
     <span class='ocr_line' id='line_1_12' title="bbox 362 1652 1525 1746; baseline 0.002 -26"><span class='ocrx_word' id='word_1_98' title='bbox 362 1652 523 1746; x_wconf 84' lang='lat' dir='ltr'><strong>vitiorum</strong></span> <span class='ocrx_word' id='word_1_99' title='bbox 543 1652 699 1721; x_wconf 91' lang='lat' dir='ltr'><strong>societate</strong></span> <span class='ocrx_word' id='word_1_100' title='bbox 726 1653 901 1745; x_wconf 86' lang='lat' dir='ltr'><strong>contingit.</strong></span> <span class='ocrx_word' id='word_1_101' title='bbox 930 1653 1024 1722; x_wconf 90' lang='lat' dir='ltr'><strong>Tum</strong></span> <span class='ocrx_word' id='word_1_102' title='bbox 1048 1675 1087 1720; x_wconf 85' lang='lat' dir='ltr'><strong>ex</strong></span> <span class='ocrx_word' id='word_1_103' title='bbox 1118 1653 1219 1722; x_wconf 88' lang='lat' dir='ltr'><strong>variis</strong></span> <span class='ocrx_word' id='word_1_104' title='bbox 1238 1653 1380 1723; x_wconf 89' lang='lat' dir='ltr'><strong>efficitur</strong></span> <span class='ocrx_word' id='word_1_105' title='bbox 1409 1653 1525 1722; x_wconf 92' lang='lat' dir='ltr'><strong>lectio-</strong></span> 
     </span>
     <span class='ocr_line' id='line_1_13' title="bbox 364 1775 1527 1867; baseline 0 -22"><span class='ocrx_word' id='word_1_106' title='bbox 364 1775 477 1861; x_wconf 84' lang='lat' dir='ltr'><strong>nibus,</strong></span> <span class='ocrx_word' id='word_1_107' title='bbox 497 1777 605 1845; x_wconf 90' lang='lat' dir='ltr'><strong>codici</strong></span> <span class='ocrx_word' id='word_1_108' title='bbox 624 1801 641 1846; x_wconf 92' lang='lat' dir='ltr'><strong>r</strong></span> <span class='ocrx_word' id='word_1_109' title='bbox 659 1776 745 1847; x_wconf 90' lang='lat' dir='ltr'><strong>inter</strong></span> <span class='ocrx_word' id='word_1_110' title='bbox 763 1777 839 1846; x_wconf 91' lang='lat' dir='ltr'><strong>cod.</strong></span> <span class='ocrx_word' id='word_1_111' title='bbox 862 1780 887 1843; x_wconf 93' lang='grc' dir='ltr'>Σ</span> <span class='ocrx_word' id='word_1_112' title='bbox 903 1792 935 1844; x_wconf 92' lang='lat' dir='ltr'><strong>et</strong></span> <span class='ocrx_word' id='word_1_113' title='bbox 952 1775 1085 1846; x_wconf 90' lang='lat' dir='ltr'><strong>codices</strong></span> <span class='ocrx_word' id='word_1_114' title='bbox 1102 1777 1135 1843; x_wconf 93' lang='lat' dir='ltr'><strong>A</strong></span> <span class='ocrx_word' id='word_1_115' title='bbox 1156 1791 1189 1844; x_wconf 90' lang='lat' dir='ltr'><strong>et</strong></span> <span class='ocrx_word' id='word_1_116' title='bbox 1207 1779 1236 1843; x_wconf 89' lang='grc' dir='ltr'><strong>Υ</strong></span> <span class='ocrx_word' id='word_1_117' title='bbox 1255 1776 1408 1846; x_wconf 90' lang='lat' dir='ltr'><strong>medium</strong></span> <span class='ocrx_word' id='word_1_118' title='bbox 1428 1777 1527 1867; x_wconf 91' lang='lat' dir='ltr'><strong>quasi</strong></span> 
     </span>
     <span class='ocr_line' id='line_1_14' title="bbox 364 1885 1528 1993; baseline 0.003 -24"><span class='ocrx_word' id='word_1_119' title='bbox 364 1903 537 1992; x_wconf 88' lang='lat' dir='ltr'><strong>quendam</strong></span> <span class='ocrx_word' id='word_1_120' title='bbox 560 1901 803 1993; x_wconf 88' lang='lat' dir='ltr'><strong>assignandum</strong></span> <span class='ocrx_word' id='word_1_121' title='bbox 830 1903 902 1969; x_wconf 82' lang='lat' dir='ltr'><strong>esse</strong></span> <span class='ocrx_word' id='word_1_122' title='bbox 927 1901 1066 1988; x_wconf 83' lang='lat' dir='ltr'><strong>locum,</strong></span> <span class='ocrx_word' id='word_1_123' title='bbox 1094 1885 1138 1968; x_wconf 77' lang='lat' dir='ltr'><strong>ita</strong></span> <span class='ocrx_word' id='word_1_124' title='bbox 1162 1916 1295 1989; x_wconf 85' lang='lat' dir='ltr'><strong>tamen,</strong></span> <span class='ocrx_word' id='word_1_125' title='bbox 1321 1917 1358 1969; x_wconf 93' lang='lat' dir='ltr'><strong>ut</strong></span> <span class='ocrx_word' id='word_1_126' title='bbox 1385 1904 1490 1971; x_wconf 87' lang='lat' dir='ltr'><strong>codex</strong></span> <span class='ocrx_word' id='word_1_127' title='bbox 1511 1927 1528 1972; x_wconf 93' lang='lat'><strong>1·</strong></span> 
     </span>
     <span class='ocr_line' id='line_1_15' title="bbox 363 2022 1527 2117; baseline 0.001 -25"><span class='ocrx_word' id='word_1_128' title='bbox 363 2024 506 2094; x_wconf 88' lang='lat' dir='ltr'><strong>adeum</strong></span> <span class='ocrx_word' id='word_1_129' title='bbox 528 2024 679 2112; x_wconf 88' lang='lat' dir='ltr'><strong>librum‚·</strong></span> <span class='ocrx_word' id='word_1_130' title='bbox 696 2045 735 2093; x_wconf 86' lang='lat' dir='ltr'><strong>ex</strong></span> <span class='ocrx_word' id='word_1_131' title='bbox 758 2047 827 2113; x_wconf 92' lang='lat' dir='ltr'><strong>quo</strong></span> <span class='ocrx_word' id='word_1_132' title='bbox 847 2045 966 2092; x_wconf 89' lang='lat' dir='ltr'><strong>omnes</strong></span> <span class='ocrx_word' id='word_1_133' title='bbox 987 2022 1144 2114; x_wconf 89' lang='lat' dir='ltr'><strong>deinceps</strong></span> <span class='ocrx_word' id='word_1_134' title='bbox 1163 2024 1340 2093; x_wconf 89' lang='lat' dir='ltr'><strong>communi</strong></span> <span class='ocrx_word' id='word_1_135' title='bbox 1370 2024 1527 2117; x_wconf 84' lang='lat' dir='ltr'><strong>descripti</strong></span> 
     </span>
     <span class='ocr_line' id='line_1_16' title="bbox 340 2150 1527 2242; baseline 0.002 -24"><span class='ocrx_word' id='word_1_136' title='bbox 340 2168 454 2235; x_wconf 34' lang='lat' dir='ltr'><strong>«sunt,</strong></span> <span class='ocrx_word' id='word_1_137' title='bbox 476 2173 545 2220; x_wconf 92' lang='lat' dir='ltr'><strong>non</strong></span> <span class='ocrx_word' id='word_1_138' title='bbox 578 2167 650 2220; x_wconf 90' lang='lat' dir='ltr'><strong>tam</strong></span> <span class='ocrx_word' id='word_1_139' title='bbox 681 2173 787 2242; x_wconf 89' lang='lat' dir='ltr'><strong>prope</strong></span> <span class='ocrx_word' id='word_1_140' title='bbox 814 2150 950 2221; x_wconf 89' lang='lat' dir='ltr'><strong>accedat</strong></span> <span class='ocrx_word' id='word_1_141' title='bbox 982 2172 1088 2240; x_wconf 88' lang='lat' dir='ltr'><strong>quam</strong></span> <span class='ocrx_word' id='word_1_142' title='bbox 1111 2150 1188 2220; x_wconf 88' lang='lat' dir='ltr'><strong>cod.</strong></span> <span class='ocrx_word' id='word_1_143' title='bbox 1214 2155 1251 2239; x_wconf 85' lang='grc' dir='ltr'><strong>Σ,</strong></span> <span class='ocrx_word' id='word_1_144' title='bbox 1279 2150 1423 2242; x_wconf 92' lang='lat' dir='ltr'><strong>propius</strong></span> <span class='ocrx_word' id='word_1_145' title='bbox 1448 2173 1527 2220; x_wconf 89' lang='lat' dir='ltr'><strong>vero</strong></span> 
     </span>
     <span class='ocr_line' id='line_1_17' title="bbox 363 2274 1525 2372; baseline 0 -28"><span class='ocrx_word' id='word_1_146' title='bbox 363 2274 538 2345; x_wconf 91' lang='lat' dir='ltr'><strong>codicibus</strong></span> <span class='ocrx_word' id='word_1_147' title='bbox 559 2277 592 2344; x_wconf 91' lang='lat' dir='ltr'><strong>A</strong></span> <span class='ocrx_word' id='word_1_148' title='bbox 613 2285 644 2345; x_wconf 89' lang='lat' dir='ltr'><strong>et</strong></span> <span class='ocrx_word' id='word_1_149' title='bbox 662 2278 703 2347; x_wconf 93' lang='grc' dir='ltr'><strong>Υ.</strong></span> <span class='ocrx_word' id='word_1_150' title='bbox 728 2277 824 2345; x_wconf 89' lang='lat' dir='ltr'><strong>Haec</strong></span> <span class='ocrx_word' id='word_1_151' title='bbox 844 2277 871 2345; x_wconf 94' lang='lat' dir='ltr'><strong>si</strong></span> <span class='ocrx_word' id='word_1_152' title='bbox 891 2289 978 2372; x_wconf 87' lang='lat' dir='ltr'><strong>recte</strong></span> <span class='ocrx_word' id='word_1_153' title='bbox 997 2299 1033 2346; x_wconf 92' lang='lat' dir='ltr'><strong>se</strong></span> <span class='ocrx_word' id='word_1_154' title='bbox 1046 2276 1184 2364; x_wconf 82' lang='lat' dir='ltr'><strong>habent,</strong></span> <span class='ocrx_word' id='word_1_155' title='bbox 1205 2275 1330 2345; x_wconf 91' lang='lat' dir='ltr'><strong>codicis</strong></span> <span class='ocrx_word' id='word_1_156' title='bbox 1355 2282 1381 2345; x_wconf 87' lang='grc' dir='ltr'>Σ</span> <span class='ocrx_word' id='word_1_157' title='bbox 1406 2293 1525 2346; x_wconf 90' lang='lat' dir='ltr'><strong>aucto-</strong></span> 
     </span>
     <span class='ocr_line' id='line_1_18' title="bbox 365 2373 1524 2472; baseline 0.005 -6"><span class='ocrx_word' id='word_1_158' title='bbox 365 2393 497 2468; x_wconf 88' lang='lat' dir='ltr'><strong>ritatem</strong></span> <span class='ocrx_word' id='word_1_159' title='bbox 522 2373 682 2468; x_wconf 87' lang='lat' dir='ltr'><strong>diuturna</strong></span> <span class='ocrx_word' id='word_1_160' title='bbox 714 2417 850 2469; x_wconf 84' lang='lat' dir='ltr'><strong>auctam</strong></span> <span class='ocrx_word' id='word_1_161' title='bbox 876 2399 1059 2469; x_wconf 88' lang='lat' dir='ltr'><strong>solitudine</strong></span> <span class='ocrx_word' id='word_1_162' title='bbox 1097 2398 1257 2469; x_wconf 90' lang='lat' dir='ltr'><strong>imminui</strong></span> <span class='ocrx_word' id='word_1_163' title='bbox 1294 2421 1429 2470; x_wconf 91' lang='lat' dir='ltr'><strong>necesse</strong></span> <span class='ocrx_word' id='word_1_164' title='bbox 1463 2418 1524 2472; x_wconf 90' lang='lat' dir='ltr'><strong>est.</strong></span> 
     </span>
     <span class='ocr_line' id='line_1_19' title="bbox 364 2522 1527 2616; baseline 0.004 -26"><span class='ocrx_word' id='word_1_165' title='bbox 364 2525 481 2613; x_wconf 86' lang='lat' dir='ltr'><strong>Atque</strong></span> <span class='ocrx_word' id='word_1_166' title='bbox 503 2524 576 2592; x_wconf 81' lang='lat' dir='ltr'><strong>hoe</strong></span> <span class='ocrx_word' id='word_1_167' title='bbox 592 2547 634 2592; x_wconf 94' lang='lat' dir='ltr'><strong>ne</strong></span> <span class='ocrx_word' id='word_1_168' title='bbox 660 2522 891 2592; x_wconf 88' lang='lat' dir='ltr'><strong>Laurentiano</strong></span> <span class='ocrx_word' id='word_1_169' title='bbox 915 2524 1055 2613; x_wconf 88' lang='lat' dir='ltr'><strong>quidem</strong></span> <span class='ocrx_word' id='word_1_170' title='bbox 1082 2525 1198 2594; x_wconf 92' lang='lat' dir='ltr'><strong>codice</strong></span> <span class='ocrx_word' id='word_1_171' title='bbox 1221 2547 1284 2616; x_wconf 89' lang='lat' dir='ltr'><strong>per</strong></span> <span class='ocrx_word' id='word_1_172' title='bbox 1313 2525 1527 2600; x_wconf 91' lang='lat' dir='ltr'><strong>Schultzium</strong></span> 
     </span>
     <span class='ocr_line' id='line_1_20' title="bbox 363 2648 1525 2740; baseline 0.003 -22"><span class='ocrx_word' id='word_1_173' title='bbox 363 2673 396 2719; x_wconf 88' lang='lat' dir='ltr'><strong>a.</strong></span> <span class='ocrx_word' id='word_1_174' title='bbox 422 2649 503 2718; x_wconf 78' lang='lat'>1860</span> <span class='ocrx_word' id='word_1_175' title='bbox 530 2649 667 2718; x_wconf 91' lang='lat' dir='ltr'><strong>invento</strong></span> <span class='ocrx_word' id='word_1_176' title='bbox 690 2648 865 2740; x_wconf 90' lang='lat' dir='ltr'><strong>prohiberi</strong></span> <span class='ocrx_word' id='word_1_177' title='bbox 893 2649 1015 2740; x_wconf 92' lang='lat' dir='ltr'><strong>potuit.</strong></span> <span class='ocrx_word' id='word_1_178' title='bbox 1039 2650 1072 2718; x_wconf 94' lang='lat' dir='ltr'><strong>Is</strong></span> <span class='ocrx_word' id='word_1_179' title='bbox 1092 2649 1184 2718; x_wconf 91' lang='lat' dir='ltr'><strong>enim</strong></span> <span class='ocrx_word' id='word_1_180' title='bbox 1208 2649 1303 2735; x_wconf 80' lang='lat' dir='ltr'><strong>liber,</strong></span> <span class='ocrx_word' id='word_1_181' title='bbox 1324 2651 1427 2721; x_wconf 88' lang='lat' dir='ltr'><strong>XIII.</strong></span> <span class='ocrx_word' id='word_1_182' title='bbox 1451 2675 1525 2722; x_wconf 88' lang='lat' dir='ltr'><strong>sae-</strong></span> 
     </span>
     <span class='ocr_line' id='line_1_21' title="bbox 362 2771 1583 2868; baseline 0.005 -26"><span class='ocrx_word' id='word_1_183' title='bbox 362 2773 439 2842; x_wconf 85' lang='lat' dir='ltr'><strong>culo</strong></span> <span class='ocrx_word' id='word_1_184' title='bbox 458 2771 602 2863; x_wconf 85' lang='lat' dir='ltr'><strong>scriptus</strong></span> <span class='ocrx_word' id='word_1_185' title='bbox 621 2788 653 2841; x_wconf 91' lang='lat' dir='ltr'><strong>et</strong></span> <span class='ocrx_word' id='word_1_186' title='bbox 670 2788 748 2864; x_wconf 90' lang='lat' dir='ltr'><strong>post</strong></span> <span class='ocrx_word' id='word_1_187' title='bbox 766 2772 979 2844; x_wconf 88' lang='lat' dir='ltr'><strong>Schultzium</strong></span> <span class='ocrx_word' id='word_1_188' title='bbox 998 2797 1018 2842; x_wconf 92' lang='lat' dir='ltr'><strong>a</strong></span> <span class='ocrx_word' id='word_1_189' title='bbox 1044 2773 1258 2842; x_wconf 90' lang='lat' dir='ltr'><strong>Rehdantzio</strong></span> <span class='ocrx_word' id='word_1_190' title='bbox 1277 2774 1454 2868; x_wconf 90' lang='lat' dir='ltr'><strong>diiigenter</strong></span> <span class='ocrx_word' id='word_1_191' title='bbox 1473 2799 1529 2848; x_wconf 86' lang='lat' dir='ltr'><strong>ex·</strong></span> <span class='ocrx_word' id='word_1_192' title='bbox 1580 2791 1583 2797; x_wconf 85' lang='grc'><strong>’</strong></span> 
     </span>
     <span class='ocr_line' id='line_1_22' title="bbox 361 2894 1526 2988; baseline 0.003 -23"><span class='ocrx_word' id='word_1_193' title='bbox 361 2918 493 2983; x_wconf 86' lang='lat' dir='ltr'><strong>cussus,</strong></span> <span class='ocrx_word' id='word_1_194' title='bbox 518 2894 578 2962; x_wconf 88' lang='lat' dir='ltr'><strong>etsi</strong></span> <span class='ocrx_word' id='word_1_195' title='bbox 594 2917 664 2963; x_wconf 91' lang='lat' dir='ltr'><strong>non</strong></span> <span class='ocrx_word' id='word_1_196' title='bbox 683 2917 701 2962; x_wconf 95' lang='lat' dir='ltr'><strong>e</strong></span> <span class='ocrx_word' id='word_1_197' title='bbox 719 2895 795 2963; x_wconf 95' lang='lat' dir='ltr'><strong>cod.</strong></span> <span class='ocrx_word' id='word_1_198' title='bbox 819 2895 1001 2964; x_wconf 87' lang='lat' dir='ltr'><strong>Patisiensi</strong></span> <span class='ocrx_word' id='word_1_199' title='bbox 1022 2899 1048 2962; x_wconf 94' lang='grc' dir='ltr'>Σ</span> <span class='ocrx_word' id='word_1_200' title='bbox 1073 2897 1259 2987; x_wconf 89' lang='lat' dir='ltr'><strong>exscriptus</strong></span> <span class='ocrx_word' id='word_1_201' title='bbox 1278 2898 1424 2988; x_wconf 91' lang='lat' dir='ltr'><strong>videtur,</strong></span> <span class='ocrx_word' id='word_1_202' title='bbox 1446 2921 1526 2969; x_wconf 91' lang='lat' dir='ltr'><strong>cum</strong></span> 
     </span>
     <span class='ocr_line' id='line_1_23' title="bbox 364 3018 1529 3116; baseline 0.001 -25"><span class='ocrx_word' id='word_1_203' title='bbox 364 3024 427 3091; x_wconf 91' lang='lat' dir='ltr'><strong>hoc</strong></span> <span class='ocrx_word' id='word_1_204' title='bbox 446 3037 561 3089; x_wconf 92' lang='lat' dir='ltr'><strong>tamen</strong></span> <span class='ocrx_word' id='word_1_205' title='bbox 572 3019 695 3088; x_wconf 90' lang='lat' dir='ltr'><strong>artiore</strong></span> <span class='ocrx_word' id='word_1_206' title='bbox 714 3018 886 3111; x_wconf 86' lang='lat' dir='ltr'><strong>affinitatis</strong></span> <span class='ocrx_word' id='word_1_207' title='bbox 905 3021 1041 3089; x_wconf 85' lang='lat' dir='ltr'><strong>vinculo</strong></span> <span class='ocrx_word' id='word_1_208' title='bbox 1060 3020 1263 3091; x_wconf 91' lang='lat' dir='ltr'><strong>coniunctus</strong></span> <span class='ocrx_word' id='word_1_209' title='bbox 1288 3039 1338 3092; x_wconf 92' lang='lat' dir='ltr'><strong>est</strong></span> <span class='ocrx_word' id='word_1_210' title='bbox 1359 3021 1417 3116; x_wconf 85' lang='lat' dir='ltr'><strong>ita,</strong></span> <span class='ocrx_word' id='word_1_211' title='bbox 1439 3039 1476 3092; x_wconf 94' lang='lat' dir='ltr'><strong>ut</strong></span> <span class='ocrx_word' id='word_1_212' title='bbox 1497 3040 1529 3092; x_wconf 92' lang='lat' dir='ltr'><strong>et</strong></span> 
     </span>
     <span class='ocr_line' id='line_1_24' title="bbox 361 3129 1527 3236; baseline 0.002 -25"><span class='ocrx_word' id='word_1_213' title='bbox 361 3142 492 3235; x_wconf 86' lang='lat' dir='ltr'><strong>primae</strong></span> <span class='ocrx_word' id='word_1_214' title='bbox 512 3141 545 3211; x_wconf 94' lang='lat' dir='ltr'><strong>in</strong></span> <span class='ocrx_word' id='word_1_215' title='bbox 565 3141 679 3210; x_wconf 90' lang='lat' dir='ltr'><strong>codice</strong></span> <span class='ocrx_word' id='word_1_216' title='bbox 702 3145 728 3208; x_wconf 95' lang='grc' dir='ltr'>Σ</span> <span class='ocrx_word' id='word_1_217' title='bbox 754 3129 904 3212; x_wconf 91' lang='lat' dir='ltr'><strong>lectionis</strong></span> <span class='ocrx_word' id='word_1_218' title='bbox 936 3142 1178 3212; x_wconf 85' lang='lat' dir='ltr'><strong>detrimentum</strong></span> <span class='ocrx_word' id='word_1_219' title='bbox 1207 3144 1393 3213; x_wconf 89' lang='lat' dir='ltr'><strong>verborum</strong></span> <span class='ocrx_word' id='word_1_220' title='bbox 1425 3145 1527 3236; x_wconf 89' lang='lat' dir='ltr'><strong>piane</strong></span> 
     </span>
    </p>
   </div>
   <div class='ocr_carea' id='block_1_4' title="bbox 363 3266 1527 3361">
    <p class='ocr_par' dir='ltr' id='par_1_4' title="bbox 363 3266 1527 3361">
     <span class='ocr_line' id='line_1_25' title="bbox 363 3266 1527 3361; baseline 0.001 -25"><span class='ocrx_word' id='word_1_221' title='bbox 363 3283 574 3338; x_wconf 89' lang='lat' dir='ltr'><strong>servatorum</strong></span> <span class='ocrx_word' id='word_1_222' title='bbox 599 3267 700 3335; x_wconf 92' lang='lat' dir='ltr'><strong>leniat</strong></span> <span class='ocrx_word' id='word_1_223' title='bbox 729 3266 1005 3361; x_wconf 88' lang='lat' dir='ltr'><strong>compensatione</strong></span> <span class='ocrx_word' id='word_1_224' title='bbox 1030 3284 1062 3334; x_wconf 93' lang='lat' dir='ltr'><strong>et</strong></span> <span class='ocrx_word' id='word_1_225' title='bbox 1087 3267 1214 3358; x_wconf 90' lang='lat' dir='ltr'><strong>optime</strong></span> <span class='ocrx_word' id='word_1_226' title='bbox 1237 3291 1277 3338; x_wconf 83' lang='lat' dir='ltr'><strong>ex</strong></span> <span class='ocrx_word' id='word_1_227' title='bbox 1310 3292 1350 3338; x_wconf 91' lang='lat' dir='ltr'><strong>eo</strong></span> <span class='ocrx_word' id='word_1_228' title='bbox 1378 3292 1465 3359; x_wconf 92' lang='lat' dir='ltr'><strong>quae</strong></span> <span class='ocrx_word' id='word_1_229' title='bbox 1491 3269 1527 3338; x_wconf 92' lang='lat' dir='ltr'><strong>in</strong></span> 
     </span>
    </p>
   </div>
   <div class='ocr_carea' id='block_1_5' title="bbox 362 3393 1527 3590">
    <p class='ocr_par' dir='ltr' id='par_1_5' title="bbox 362 3393 1527 3590">
     <span class='ocr_line' id='line_1_26' title="bbox 362 3393 1527 3487; baseline 0.002 -23"><span class='ocrx_word' id='word_1_230' title='bbox 362 3395 439 3468; x_wconf 86' lang='lat' dir='ltr'><strong>cod.</strong></span> <span class='ocrx_word' id='word_1_231' title='bbox 461 3403 487 3466; x_wconf 91' lang='grc' dir='ltr'>Σ</span> <span class='ocrx_word' id='word_1_232' title='bbox 512 3415 691 3486; x_wconf 89' lang='lat' dir='ltr'><strong>perperam</strong></span> <span class='ocrx_word' id='word_1_233' title='bbox 716 3393 783 3462; x_wconf 89' lang='lat' dir='ltr'><strong>sint</strong></span> <span class='ocrx_word' id='word_1_234' title='bbox 811 3394 934 3485; x_wconf 89' lang='lat' dir='ltr'><strong>scripta</strong></span> <span class='ocrx_word' id='word_1_235' title='bbox 959 3410 1219 3484; x_wconf 83' lang='lat' dir='ltr'><strong>cognoscantur.</strong></span> <span class='ocrx_word' id='word_1_236' title='bbox 1248 3394 1401 3483; x_wconf 87' lang='lat' dir='ltr'><strong>Accedit,</strong></span> <span class='ocrx_word' id='word_1_237' title='bbox 1434 3400 1527 3487; x_wconf 93' lang='lat' dir='ltr'><strong>quod</strong></span> 
     </span>
     <span class='ocr_line' id='line_1_27' title="bbox 364 3517 1525 3590; baseline 0 0"><span class='ocrx_word' id='word_1_238' title='bbox 364 3519 614 3590; x_wconf 87' lang='lat' dir='ltr'><strong>Laurentianus</strong></span> <span class='ocrx_word' id='word_1_239' title='bbox 634 3519 738 3586; x_wconf 91' lang='lat' dir='ltr'><strong>modo</strong></span> <span class='ocrx_word' id='word_1_240' title='bbox 760 3540 840 3586; x_wconf 93' lang='lat' dir='ltr'><strong>cum</strong></span> <span class='ocrx_word' id='word_1_241' title='bbox 860 3518 922 3586; x_wconf 88' lang='lat' dir='ltr'><strong>hac</strong></span> <span class='ocrx_word' id='word_1_242' title='bbox 948 3517 1052 3586; x_wconf 89' lang='lat' dir='ltr'><strong>modu</strong></span> <span class='ocrx_word' id='word_1_243' title='bbox 1079 3539 1160 3586; x_wconf 88' lang='lat' dir='ltr'><strong>cum</strong></span> <span class='ocrx_word' id='word_1_244' title='bbox 1187 3517 1244 3586; x_wconf 88' lang='lat' dir='ltr'><strong>ilia</strong></span> <span class='ocrx_word' id='word_1_245' title='bbox 1272 3518 1440 3587; x_wconf 88' lang='lat' dir='ltr'><strong>consentit</strong></span> <span class='ocrx_word' id='word_1_246' title='bbox 1465 3543 1525 3590; x_wconf 91' lang='lat' dir='ltr'><strong>co-</strong></span> 
     </span>
    </p>
   </div>
   <div class='ocr_carea' id='block_1_6' title="bbox 362 3640 1628 4479">
    <p class='ocr_par' dir='ltr' id='par_1_6' title="bbox 362 3640 1628 4103">
     <span class='ocr_line' id='line_1_28' title="bbox 364 3640 1527 3732; baseline 0 -20"><span class='ocrx_word' id='word_1_247' title='bbox 364 3643 480 3712; x_wconf 92' lang='lat' dir='ltr'><strong>dicum</strong></span> <span class='ocrx_word' id='word_1_248' title='bbox 507 3640 852 3711; x_wconf 89' lang='lat' dir='ltr'><strong>Demosthenicorum</strong></span> <span class='ocrx_word' id='word_1_249' title='bbox 881 3641 1023 3712; x_wconf 88' lang='lat' dir='ltr'><strong>familia.</strong></span> <span class='ocrx_word' id='word_1_250' title='bbox 1059 3643 1180 3732; x_wconf 91' lang='lat' dir='ltr'><strong>Itaque</strong></span> <span class='ocrx_word' id='word_1_251' title='bbox 1208 3657 1343 3711; x_wconf 93' lang='lat' dir='ltr'><strong>tantum</strong></span> <span class='ocrx_word' id='word_1_252' title='bbox 1371 3642 1466 3711; x_wconf 90' lang='lat' dir='ltr'><strong>abest</strong></span> <span class='ocrx_word' id='word_1_253' title='bbox 1489 3660 1527 3712; x_wconf 91' lang='lat' dir='ltr'><strong>ut</strong></span> 
     </span>
     <span class='ocr_line' id='line_1_29' title="bbox 362 3747 1578 3858; baseline 0 -22"><span class='ocrx_word' id='word_1_254' title='bbox 362 3767 513 3836; x_wconf 88' lang='lat' dir='ltr'><strong>codicem</strong></span> <span class='ocrx_word' id='word_1_255' title='bbox 537 3770 563 3833; x_wconf 87' lang='grc' dir='ltr'>Σ</span> <span class='ocrx_word' id='word_1_256' title='bbox 583 3747 634 3834; x_wconf 88' lang='lat' dir='ltr'><strong>ab</strong></span> <span class='ocrx_word' id='word_1_257' title='bbox 657 3763 795 3855; x_wconf 92' lang='lat' dir='ltr'><strong>reliquis</strong></span> <span class='ocrx_word' id='word_1_258' title='bbox 815 3765 967 3857; x_wconf 91' lang='lat' dir='ltr'><strong>seiungat</strong></span> <span class='ocrx_word' id='word_1_259' title='bbox 980 3765 1074 3836; x_wconf 91' lang='lat' dir='ltr'><strong>libris</strong></span> <span class='ocrx_word' id='word_1_260' title='bbox 1099 3766 1369 3857; x_wconf 82' lang='lat' dir='ltr'><strong>manuscriptis,</strong></span> <span class='ocrx_word' id='word_1_261' title='bbox 1396 3783 1432 3834; x_wconf 90' lang='lat' dir='ltr'><strong>ut</strong></span> <span class='ocrx_word' id='word_1_262' title='bbox 1455 3766 1527 3858; x_wconf 90' lang='lat' dir='ltr'><strong>ipse</strong></span> <span class='ocrx_word' id='word_1_263' title='bbox 1576 3843 1578 3846; x_wconf 57' lang='grc'><strong>,</strong></span> 
     </span>
     <span class='ocr_line' id='line_1_30' title="bbox 363 3877 1628 3980; baseline 0.005 -22"><span class='ocrx_word' id='word_1_264' title='bbox 363 3905 481 3958; x_wconf 87' lang='lat' dir='ltr'><strong>contra</strong></span> <span class='ocrx_word' id='word_1_265' title='bbox 514 3889 645 3958; x_wconf 91' lang='lat' dir='ltr'><strong>interna</strong></span> <span class='ocrx_word' id='word_1_266' title='bbox 678 3890 847 3980; x_wconf 89' lang='lat' dir='ltr'><strong>quaedam</strong></span> <span class='ocrx_word' id='word_1_267' title='bbox 867 3889 954 3958; x_wconf 88' lang='lat' dir='ltr'><strong>inter</strong></span> <span class='ocrx_word' id='word_1_268' title='bbox 987 3890 1050 3959; x_wconf 89' lang='lat' dir='ltr'><strong>hos</strong></span> <span class='ocrx_word' id='word_1_269' title='bbox 1069 3906 1102 3958; x_wconf 90' lang='lat' dir='ltr'><strong>et</strong></span> <span class='ocrx_word' id='word_1_270' title='bbox 1129 3889 1227 3958; x_wconf 89' lang='lat' dir='ltr'><strong>illum</strong></span> <span class='ocrx_word' id='word_1_271' title='bbox 1251 3906 1361 3959; x_wconf 90' lang='lat' dir='ltr'><strong>nectat</strong></span> <span class='ocrx_word' id='word_1_272' title='bbox 1379 3877 1523 3962; x_wconf 79' lang='lat' dir='ltr'><strong>vincula.</strong></span> <span class='ocrx_word' id='word_1_273' title='bbox 1623 3958 1628 3964; x_wconf 73' lang='grc'>,</span> 
     </span>
     <span class='ocr_line' id='line_1_31' title="bbox 366 4012 1311 4103; baseline 0 -21"><span class='ocrx_word' id='word_1_274' title='bbox 366 4015 482 4103; x_wconf 89' lang='lat' dir='ltr'><strong>Atque</strong></span> <span class='ocrx_word' id='word_1_275' title='bbox 501 4012 542 4080; x_wconf 94' lang='lat' dir='ltr'><strong>de</strong></span> <span class='ocrx_word' id='word_1_276' title='bbox 561 4012 718 4081; x_wconf 90' lang='lat' dir='ltr'><strong>codicum</strong></span> <span class='ocrx_word' id='word_1_277' title='bbox 736 4013 770 4082; x_wconf 89' lang='lat' dir='ltr'><strong>vi</strong></span> <span class='ocrx_word' id='word_1_278' title='bbox 789 4035 828 4082; x_wconf 87' lang='lat' dir='ltr'><strong>ae</strong></span> <span class='ocrx_word' id='word_1_279' title='bbox 854 4030 974 4081; x_wconf 87' lang='lat' dir='ltr'><strong>natura</strong></span> <span class='ocrx_word' id='word_1_280' title='bbox 999 4012 1080 4083; x_wconf 90' lang='lat' dir='ltr'><strong>satis</strong></span> <span class='ocrx_word' id='word_1_281' title='bbox 1097 4012 1227 4082; x_wconf 89' lang='lat' dir='ltr'><strong>dictum</strong></span> <span class='ocrx_word' id='word_1_282' title='bbox 1250 4029 1311 4082; x_wconf 86' lang='lat' dir='ltr'><strong>est.</strong></span> 
     </span>
    </p>

    <p class='ocr_par' dir='ltr' id='par_1_7' title="bbox 363 4136 1528 4479">
     <span class='ocr_line' id='line_1_32' title="bbox 407 4136 1524 4232; baseline -0.001 -23"><span class='ocrx_word' id='word_1_283' title='bbox 407 4136 474 4209; x_wconf 89' lang='lat' dir='ltr'><strong>Sed</strong></span> <span class='ocrx_word' id='word_1_284' title='bbox 495 4153 530 4204; x_wconf 91' lang='lat' dir='ltr'><strong>ut</strong></span> <span class='ocrx_word' id='word_1_285' title='bbox 546 4137 589 4206; x_wconf 92' lang='lat' dir='ltr'><strong>ad</strong></span> <span class='ocrx_word' id='word_1_286' title='bbox 609 4136 643 4206; x_wconf 92' lang='lat' dir='ltr'><strong>id</strong></span> <span class='ocrx_word' id='word_1_287' title='bbox 663 4141 755 4228; x_wconf 92' lang='lat' dir='ltr'><strong>quod</strong></span> <span class='ocrx_word' id='word_1_288' title='bbox 779 4139 863 4209; x_wconf 91' lang='lat' dir='ltr'><strong>mihi</strong></span> <span class='ocrx_word' id='word_1_289' title='bbox 881 4140 1045 4231; x_wconf 91' lang='lat' dir='ltr'><strong>proposui</strong></span> <span class='ocrx_word' id='word_1_290' title='bbox 1070 4139 1212 4231; x_wconf 90' lang='lat' dir='ltr'><strong>propius</strong></span> <span class='ocrx_word' id='word_1_291' title='bbox 1240 4140 1309 4209; x_wconf 92' lang='lat' dir='ltr'><strong>iam</strong></span> <span class='ocrx_word' id='word_1_292' title='bbox 1336 4139 1524 4232; x_wconf 82' lang='lat' dir='ltr'><strong>aggrediar,</strong></span> 
     </span>
     <span class='ocr_line' id='line_1_33' title="bbox 363 4259 1528 4354; baseline 0.003 -27"><span class='ocrx_word' id='word_1_293' title='bbox 363 4259 560 4328; x_wconf 88' lang='lat' dir='ltr'><strong>mirandum</strong></span> <span class='ocrx_word' id='word_1_294' title='bbox 584 4282 666 4329; x_wconf 90' lang='lat' dir='ltr'><strong>sane</strong></span> <span class='ocrx_word' id='word_1_295' title='bbox 680 4260 823 4350; x_wconf 88' lang='lat' dir='ltr'><strong>videtur,</strong></span> <span class='ocrx_word' id='word_1_296' title='bbox 842 4261 933 4330; x_wconf 91' lang='lat' dir='ltr'><strong>viros</strong></span> <span class='ocrx_word' id='word_1_297' title='bbox 953 4265 1069 4331; x_wconf 91' lang='lat' dir='ltr'><strong>doctos</strong></span> <span class='ocrx_word' id='word_1_298' title='bbox 1089 4263 1247 4353; x_wconf 87' lang='lat' dir='ltr'><strong>quamvis</strong></span> <span class='ocrx_word' id='word_1_299' title='bbox 1268 4285 1428 4354; x_wconf 89' lang='lat' dir='ltr'><strong>magnam</strong></span> <span class='ocrx_word' id='word_1_300' title='bbox 1447 4285 1528 4354; x_wconf 88' lang='lat' dir='ltr'><strong>ope-</strong></span> 
     </span>
     <span class='ocr_line' id='line_1_34' title="bbox 364 4385 1527 4479; baseline 0.001 -25"><span class='ocrx_word' id='word_1_301' title='bbox 364 4407 437 4454; x_wconf 89' lang='lat' dir='ltr'><strong>ram</strong></span> <span class='ocrx_word' id='word_1_302' title='bbox 459 4403 491 4455; x_wconf 92' lang='lat' dir='ltr'><strong>et</strong></span> <span class='ocrx_word' id='word_1_303' title='bbox 506 4385 716 4479; x_wconf 87' lang='lat' dir='ltr'><strong>diligentiam</strong></span> <span class='ocrx_word' id='word_1_304' title='bbox 740 4387 818 4456; x_wconf 91' lang='lat' dir='ltr'><strong>inde</strong></span> <span class='ocrx_word' id='word_1_305' title='bbox 837 4388 881 4457; x_wconf 87' lang='lat' dir='ltr'><strong>ab</strong></span> <span class='ocrx_word' id='word_1_306' title='bbox 898 4388 926 4458; x_wconf 84' lang='lat'><strong>1.</strong></span> <span class='ocrx_word' id='word_1_307' title='bbox 951 4388 1093 4457; x_wconf 85' lang='lat' dir='ltr'><strong>Bekkeri</strong></span> <span class='ocrx_word' id='word_1_308' title='bbox 1117 4389 1264 4459; x_wconf 91' lang='lat' dir='ltr'><strong>editione</strong></span> <span class='ocrx_word' id='word_1_309' title='bbox 1287 4387 1527 4471; x_wconf 89' lang='lat' dir='ltr'><strong>Demosthenis</strong></span> 
     </span>
    </p>
   </div>
   <div class='ocr_carea' id='block_1_7' title="bbox 0 0 1820 5268">
    <p class='ocr_par' dir='ltr' id='par_1_8' title="bbox 0 0 1820 5268">
     <span class='ocr_line' id='line_1_35' title="bbox 0 0 1820 5268; baseline 0 0"><span class='ocrx_word' id='word_1_310' title='bbox 0 0 1820 5268; x_wconf 95' lang='lat' dir='ltr'><strong> </strong></span> 
     </span>
    </p>
   </div>
  </div>
 </body>
</html>
