3628 5272
906 391 941 406 -
957 364 975 420 4
993 392 1023 404 ..

331 561 333 564 ,
389 482 600 570 rationibus
638 505 723 575 quae
749 483 796 553 ad
822 483 897 554 veri
920 481 1187 553 similitudinem
1206 484 1368 578 proxime
1388 487 1546 556 accedere

284 641 286 646 ¹
387 606 561 678 videatur.

433 732 486 799 Ac
509 730 661 822 primum
685 717 823 822 quidem
846 730 1076 800 nominandus
1092 746 1142 801 est
1156 731 1378 826 Dindorfius.
1400 734 1434 803 Is
1453 733 1545 802 enim

386 854 575 946 pleniorem
600 854 781 924 editionem
803 856 846 925 ab
870 855 944 946 ipso
968 856 1196 924 Demosthene
1217 857 1439 949 perscriptam
1468 880 1544 926 ma·

386 993 461 1047 ture
488 978 531 1047 ab
554 979 687 1047 rhetore
709 977 824 1068 aliquo
850 976 1157 1067 compendifactam
1175 1001 1319 1069 eamque
1343 979 1379 1048 in
1398 980 1546 1050 formam

388 1102 559 1171 redactam
582 1124 654 1170 esse
675 1101 805 1194 putavit
825 1101 873 1192 (in
888 1100 995 1192 praef.
1018 1100 1098 1170 edit.
1115 1101 1227 1172 Oxon.
1247 1105 1314 1172 vol.
1330 1104 1373 1173 V.
1394 1127 1429 1195 p.
1455 1105 1542 1192 178),

387 1249 491 1316 quam
516 1226 627 1318 prima
650 1224 774 1295 codicis
797 1231 822 1294 Σ
846 1247 969 1294 manus
1005 1242 1282 1316 repraesentaret.
1312 1227 1380 1299 Sed
1408 1249 1470 1296 cur
1486 1227 1546 1295 'ita

385 1368 510 1421 statuat
527 1352 652 1420 frustra
676 1350 863 1442 quaeritur,
890 1351 1002 1419 nullas
1026 1352 1119 1448 enim
1142 1351 1252 1422 adfert
1273 1353 1440 1441 rationes3
1461 1352 1545 1443 quin

337 1504 342 1544 ;
385 1476 470 1544 adeo
494 1475 646 1545 nonsibi
670 1474 741 1566 ipse
762 1490 917 1542 constare
936 1473 1080 1561 videtur,
1107 1491 1143 1542 ut
1157 1453 1277 1544 eodem
1292 1476 1365 1544 loco
1384 1475 1546 1566 pleraque

384 1603 613 1672 additamenta
638 1601 683 1670 ita
707 1609 903 1691 comparata
922 1623 994 1668 esse
1012 1600 1119 1688 dicat,
1148 1618 1186 1669 ut
1209 1601 1356 1670 dubitari
1379 1624 1448 1670 non
1468 1623 1546 1692 pos-

386 1729 449 1816 sit,
484 1727 566 1819 quin
594 1727 621 1795 si
652 1749 722 1796 non
753 1749 773 1794 a
808 1713 1037 1795 Demosthene
1064 1726 1252 1795 orationem
1276 1748 1479 1816 quacunque
1503 1726 1545 1794 de

357 1829 485 1929 ¹,causa
508 1857 719 1939 retractante,
745 1865 779 1918 at
815 1865 930 1918 tamen
965 1849 1010 1918 ab
1044 1849 1111 1918 alio
1140 1849 1302 1941 scriptore
1329 1872 1399 1918 non
1436 1851 1545 1918 multo

384 1975 567 2045 recentiore
610 1973 870 2042 Demosthenica
894 1971 1122 2064 amplificante
1149 1971 1297 2064 profecta
1321 1971 1400 2042 sint.
1425 1973 1546 2063 Itaque

384 2123 452 2168 non
475 2117 524 2168 est
541 2121 602 2167 cur
625 2069 658 2167 in
687 2095 853 2190 Dindorfii
879 2097 1043 2165 sententia
1067 2096 1245 2165 refutanda
1274 2118 1542 2168 commoremur.

385 2225 600 2296 Multovero
631 2220 821 2291 accuratius
855 2219 1080 2310 subtiliusque
1112 2221 1175 2289 hac
1208 2221 1249 2289 de
1282 2243 1318 2290 re
1349 2220 1546 2292 difficillima

383 2346 541 2418 disseruit
563 2347 606 2414 L.
633 2342 849 2437 SpengeliuS,
878 2343 937 2434 qui
960 2359 997 2410 ut
1020 2343 1150 2434 primus
1169 2366 1339 2434 quaenam
1357 2344 1444 2413 inter
1459 2345 1546 2414 duas

384 2473 456 2541 illas
480 2467 693 2539 recensiones
717 2467 891 2536 interesset
909 2465 995 2535 ratio
1013 2466 1261 2556 animadvertit,
1283 2467 1328 2536 ita
1348 2468 1450 2537 etiam
1470 2491 1544 2539 rem

382 2595 494 2685 ipsam
514 2591 678 2684 explicare
707 2607 740 2660 et
765 2589 953 2659 rationibus
976 2590 1121 2683 probare
1144 2608 1285 2660 conatus
1318 2608 1379 2661 est.
1406 2594 1544 2702 Etenim
1568 2657 1569 2666 ,

380 2739 459 2802 cum
483 2714 715 2784 additamenta
739 2735 826 2803 quae
848 2712 980 2782 exhibet
1001 2714 1146 2804 Vulgata
1169 2714 1270 2782 editio
1295 2736 1374 2784 cum
1399 2713 1561 2794 oratoris

381 2840 494 2930 indole
517 2855 618 2928 atque
637 2837 772 2928 ingenio
791 2837 891 2927 plane
907 2834 936 2905 ei
948 2859 1133 2928 congruere
1148 2837 1338 2927 videantur,
1349 2840 1542 2910 orationem

381 2962 609 3053 Philippicam
627 2962 762 3028 tertiam
788 2960 860 3027 vult
878 2960 1034 3029 secundis
1054 2960 1144 3030 curis
1162 2963 1205 3030 ab
1220 2962 1294 3052 ipso
1315 2963 1544 3034 Demosthene

380 3085 568 3178 repetitam,
594 3084 709 3152 denuo
733 3083 940 3152 elaboratam
964 3099 997 3152 et
1016 3083 1080 3152 illis
1100 3067 1181 3152 locis
1194 3107 1266 3154 esse
1281 3103 1427 3157 auctam.
1447 3089 1544 3157 Prio-

380 3232 453 3281 rem
474 3225 588 3278 autem
614 3207 686 3276 eius
706 3206 890 3276 editionem
909 3207 955 3276 ait
968 3208 1013 3276 ad
1032 3225 1147 3277 nostra
1162 3209 1355 3300 pervenisse
1373 3226 1541 3303 tempora,

379 3335 423 3403 ad
440 3334 580 3423 eiusque
604 3331 793 3423 marginem
822 3353 908 3420 quae
939 3348 1017 3423 post
1048 3333 1217 3401 addiderit
1242 3348 1357 3402 orator
1381 3333 1544 3408 adnotata
1638 3382 1641 3386 -

285 3497 298 3524 0
379 3481 464 3545 esse,
485 3477 547 3524 nec
569 3470 683 3523 tamen
710 3456 791 3524 haec
819 3478 882 3524 suo
905 3479 1038 3548 semper
1070 3458 1143 3526 loco
1167 3457 1272 3526 videri
1297 3481 1370 3527 esse
1401 3460 1540 3533 inserta.

379 3583 500 3672 Quam
524 3578 753 3649 coniecturam
770 3578 805 3648 in
830 3579 943 3649 libello
968 3604 1031 3649 suo
1054 3581 1113 3672 qui
1137 3581 1332 3652 inscribitur
1355 3610 1370 3646 u
1390 3584 1453 3653 Die
1468 3590 1544 3669 Art-2

376 3708 526 3788 μηγορίαι
551 3702 610 3769 des
640 3702 885 3770 Demosthenes
914 3705 1001 3775 1860
1026 3731 1042 3767 t)
1069 3727 1104 3795 p.
1133 3705 1175 3774 64
1196 3706 1383 3775 accuratius
1419 3707 1541 3778 defini-

377 3825 424 3894 vit
446 3824 504 3910 ita‚
530 3841 567 3892 ut
592 3825 782 3895 scribarum
800 3843 932 3916 partem
952 3827 1093 3896 alteram
1112 3842 1272 3896 statueret
1290 3851 1377 3918 quae
1395 3831 1430 3899 in
1450 3855 1543 3901 mar·

375 3949 452 4041 gine
475 3948 520 4017 ab
542 3965 674 4018 oratore
697 3947 821 4041 scripta
845 3950 1048 4042 reperissent
1071 3950 1237 4039 omisisse,
1254 3952 1395 4022 alteram
1413 3954 1448 4023 in
1464 3979 1540 4025 ver-

376 4075 501 4142 borum
525 4073 816 4143 continuationem
839 4072 1004 4144 intulisse.
1033 4075 1090 4143 Ad
1103 4074 1166 4143 hoc
1180 4075 1398 4166 probandum
1413 4078 1541 4168 quibus

374 4197 581 4289 argumentis
600 4221 683 4267 usus
706 4199 759 4300 sit¹
772 4198 973 4291 Spengelius
990 4221 1145 4290 quaeque
1159 4199 1200 4267 iis
1219 4199 1376 4269 habenda
1395 4201 1437 4271 sit
1456 4205 1541 4274 fides

374 4345 464 4392 nunc
486 4323 675 4394 videamus.
704 4327 820 4414 Atque
844 4345 883 4392 ex
908 4324 1020 4414 priore
1042 4324 1115 4392 eius
1141 4323 1373 4394 dissertatione
1400 4350 1432 4396 a.
1457 4328 1541 4399 1839

373 4447 563 4543 conscripta
582 4448 940 4539 adnotationibusque,
966 4469 1050 4541 quas
1070 4447 1308 4518 Demosthenis
1327 4450 1408 4520 locis
1423 4449 1470 4521 ibi
1489 4453 1539 4522 ci-
